2200 3487
360 343 411 379 12
1050 356 1103 383 DE
1135 356 1279 384 AIACE.

354 476 494 514 neque
527 467 671 516 hasta,
706 478 844 515 neque
875 469 1029 517 lapide,
1057 479 1196 517 neque
1222 470 1379 519 gladio,
1409 471 1549 509 ullum
1576 472 1780 518 quamvis
1805 471 1973 509 levissi—

354 552 476 580 mum
510 543 666 590 accipit
698 543 874 591 vulnus,
905 554 1004 582 cum
1032 544 1193 583 Hector
1219 546 1312 583 tam
1341 555 1444 583 ense
1463 555 1590 592 quam
1610 546 1976 594 gladiolaedatur.

411 616 529 655 Haec
571 618 622 655 de
664 618 811 656 Aiacis
844 615 1035 670 ἀτρωσίᾳ,
1069 619 1226 666 quibus
1262 629 1398 657 unum
1433 620 1676 659 addendum
1712 623 1791 659 est.
1825 621 1977 660 Obser-

353 694 512 730 varunt
554 703 592 731 v.
627 693 665 730 d.
699 693 855 741 pellem
889 694 1112 732 leoninam
1143 694 1344 733 Herculis
1376 695 1419 733 in
1451 695 1734 746 imaginibus,
1769 698 1978 744 quotquot

350 767 523 805 saeculo
556 767 744 815 septimo
777 770 880 806 sunt
911 769 1183 818 tribuendae,
1218 780 1397 818 prorsus
1430 771 1597 819 deesse,
1634 772 1787 811 adesse
1816 773 1977 811 veroin

351 841 442 880 illis
490 842 653 881 saeculi
701 844 830 882 sexti.
880 843 1120 882 Confirmat
1162 844 1315 884 Strabo
1358 845 1451 890 (XV
1493 857 1532 894 p.
1578 847 1700 891 688);
1743 845 1808 884 καὶ
1850 844 1975 896 ἡτοῦ

343 912 588 966 (Ηρακλέους
622 915 664 955 δὲ
698 917 816 968 στολὴ
849 919 950 957 πολὺ
984 918 1151 970 νεωτέρα
1182 926 1250 970 τῆς
1287 923 1464 971 Τρωικῆς
1498 921 1656 971 μνήμης
1689 920 1786 970 ἐστί,
1816 921 1975 971 πλάσμα

351 997 428 1029 τῶν
470 991 542 1042 τὴν
577 989 816 1044 (Ηράκλειαν
857 994 1128 1045 ποιησάνταν,
1168 995 1241 1034 εἴτε
1283 996 1534 1047 Πείσανδρος
1572 991 1622 1047 ἦν
1655 996 1728 1035 εἴτε
1759 995 1875 1042 ἄλλος
1906 1008 1974 1043 τις·

351 1066 396 1104 τὰ
429 1066 471 1104 δὲ
503 1066 644 1118 ἀρχαῖα
678 1069 800 1115 ξόανα
834 1070 904 1120 οὐχ
937 1070 1039 1108 οὕτω
1072 1071 1354 1109 διεσκεύασται.

409 1142 667 1183 Pisandrum
714 1145 1033 1194 Camirensem‚
1078 1147 1146 1185 vel
1180 1149 1326 1196 potius
1358 1158 1515 1196 poema
1547 1149 1658 1195 quod
1691 1148 1791 1186 huic
1822 1149 1976 1196 poetae

349 1218 481 1257 tribui
521 1220 654 1270 solet,
688 1221 985 1260 Wilamowitz
1019 1223 1071 1261 ad
1103 1225 1278 1262 sextum
1313 1224 1537 1262 saeculum
1572 1224 1810 1262 revocavit.
1845 1223 1977 1262 Sexto

348 1294 479 1342 igitur
535 1297 708 1336 saeculo
756 1298 957 1337 Herculis
1003 1308 1147 1337 rerum
1197 1301 1423 1347 gestarum
1471 1301 1625 1348 poetae
1672 1298 1978 1346 excogitarunt

347 1369 573 1420 fabellam,
618 1383 749 1420 quam
783 1374 970 1422 legimus
1003 1376 1114 1423 apud
1154 1376 1388 1414 Pindarum
1421 1377 1472 1414 de
1504 1375 1692 1414 Hercule
1724 1374 1974 1413 Telamonis

347 1444 537 1494 hospite,
573 1447 623 1484 de
655 1447 794 1486 leonis
827 1450 1018 1499 exuviis,
1052 1450 1104 1488 de
1135 1451 1279 1489 herois
1311 1451 1364 1489 ad
1397 1451 1544 1489 Iovem
1576 1449 1788 1498 precibus.
1817 1449 1974 1498 Quinto

350 1530 450 1558 vero
504 1522 703 1570 saeculo,
754 1524 970 1570 quomodo
1018 1526 1172 1572 poetae
1212 1525 1324 1563 hanc
1355 1524 1550 1563 fabulam
1583 1525 1814 1573 mutarint,
1849 1524 1974 1562 docet

349 1594 606 1645 Panyassis,
662 1608 789 1644 quem
838 1598 1135 1637 Wilamowitz
1179 1601 1231 1638 ad
1278 1600 1481 1647 quintum
1530 1600 1754 1639 saeculum
1801 1598 1973 1638 rettulit

348 1669 578 1714 (Herakles
619 1673 637 1710 I
679 1683 718 1720 p.
768 1674 856 1722 66),
901 1673 1004 1712 licet
1045 1674 1199 1712 Suidas
1242 1675 1384 1714 medio
1426 1676 1613 1723 septimo
1656 1675 1828 1714 saeculo
1869 1684 1968 1712 eum

349 1746 514 1785 vixisse
546 1749 733 1796 putaret.
767 1749 1062 1799 Stesichorus,
1099 1750 1135 1788 si
1161 1751 1364 1789 audimus
1391 1751 1666 1789 Athenaeum
1697 1750 1794 1795 (XII
1811 1761 1850 1798 p.
1871 1750 1970 1794 513)

348 1822 516 1869 primus
547 1822 675 1862 finxit
706 1824 942 1863 Herculem
975 1825 1095 1871 ξύλον
1128 1823 1264 1875 ἔχοντα
1298 1824 1363 1863 καὶ
1394 1829 1474 1865 λεοι
1487 1832 1557 1877 τῆν
1589 1826 1655 1864 καὶ
1682 1827 1793 1875 τόξα,
1819 1826 1901 1863 hac
1927 1825 1971 1863 in

347 1906 391 1935 re
433 1897 660 1937 Xanthum
702 1898 770 1937 τὸν
812 1900 1028 1949 μελοποιόν
1071 1911 1157 1939 non
1201 1904 1397 1951 secutus,
1443 1903 1515 1950 qui
1558 1899 1757 1952 ὁμηρικῶς
1791 1902 1969 1941 heroem

346 1973 557 2012 amictum
591 1975 726 2014 fuisse
758 1974 961 2024 fingebat.
996 1977 1257 2016 Imitabatur
1292 1978 1424 2026 igitur
1455 1978 1662 2017 Xanthus
1694 1981 1713 2015 λ
1741 1979 1825 2017 606
1854 1987 1969 2025 sqq.:

1055 2048 1075 2090 ὃ
1109 2049 1146 2090 δ’
1183 2051 1327 2107 ἐρεμνῇ
1358 2052 1472 2092 νυκτὶ
1501 2052 1700 2099 fefomcbg

640 2125 796 2176 γυμνὸν
828 2126 943 2174 τόξον
975 2127 1060 2179 ἔχεν
1091 2127 1157 2166 καὶ
1189 2127 1252 2167 ἐπὶ
1284 2134 1481 2180 νευρῆφιν
1513 2127 1659 2180 ὀιστὸν,

641 2202 806 2241 ὃάῗεινόν
838 2204 1089 2254 παπταίνων,
1121 2203 1197 2242 αἰεὶ
1231 2203 1411 2255 βαλέοντι
1442 2205 1652 2252 ἱεάῑοικώς.

407 2275 488 2314 Sed
548 2279 590 2315 et
646 2278 752 2317 haec
811 2279 1088 2320 Stesichorus
1143 2282 1427 2332 παρεποίησεν,
1473 2283 1589 2321 sexti
1635 2282 1798 2321 saeculi
1845 2283 1972 2330 poeta

346 2351 581 2391 Locrorum
639 2354 1027 2403 Epizephyriorum
1079 2357 1354 2396 notissimus.
1400 2357 1549 2396 Denuo
1596 2358 1729 2406 igitur
1776 2359 1972 2406 apparet,

347 2426 530 2465 minime
577 2438 602 2466 a
650 2439 751 2467 vero
800 2430 1016 2480 aberrare,
1067 2432 1138 2478 qui
1185 2434 1353 2471 statuat
1399 2435 1526 2471 sexto
1572 2434 1750 2471 demum
1798 2432 1972 2471 saeculo

346 2506 498 2542 natam
531 2515 627 2543 esse
660 2505 850 2545 fabulam
886 2508 936 2546 de
969 2508 1156 2546 Hercule
1189 2508 1439 2547 Telamonis
1472 2510 1515 2547 in
1549 2508 1647 2546 aula
1675 2510 1870 2556 excepto,
1900 2507 1972 2545 ubi

344 2580 466 2618 Aiaci
498 2580 634 2619 talem
667 2579 863 2630 ἀτρωσιάν
896 2593 921 2621 a
951 2583 1052 2621 Iove
1078 2583 1397 2632 deprecaretur,
1427 2584 1601 2631 qualem
1631 2583 1714 2621 sibi
1742 2583 1969 2631 praeberet

344 2657 482 2704 λεοντῆ
515 2666 607 2694 sua.
641 2656 732 2695 Hoc
765 2657 881 2696 enim
916 2659 1157 2706 episodium
1188 2660 1429 2707 excogitari
1457 2670 1541 2698 non
1569 2660 1710 2708 potuit
1736 2661 1967 2706 antequam

345 2730 555 2769 Hercules
587 2733 726 2784 λεοντῇ
760 2733 947 2771 amictus
979 2734 1022 2771 in
1055 2734 1277 2772 notionem
1311 2734 1489 2772 abiisset
1523 2735 1763 2783 vulgarem.
