<?xml version="1.0" encoding="UTF-8"?>
<!DOCTYPE html PUBLIC "-//W3C//DTD XHTML 1.0 Transitional//EN"
    "http://www.w3.org/TR/xhtml1/DTD/xhtml1-transitional.dtd">
<html xmlns="http://www.w3.org/1999/xhtml" xml:lang="en" lang="en">
 <head>
  <title>
</title>
<meta http-equiv="Content-Type" content="text/html;charset=utf-8" />
  <meta name='ocr-system' content='tesseract 3.04.00' />
  <meta name='ocr-capabilities' content='ocr_page ocr_carea ocr_par ocr_line ocrx_word'/>
</head>
<body>
  <div class='ocr_page' id='page_1' title='image "./deaiacisoriginec00vr_0105.png"; bbox 0 0 2141 3487; ppageno 0'>
   <div class='ocr_carea' id='block_1_1' title="bbox 850 303 1776 340">
    <p class='ocr_par' dir='ltr' id='par_1_1' title="bbox 850 303 1776 340">
     <span class='ocr_line' id='line_1_1' title="bbox 850 303 1776 340; baseline 0.004 -4"><span class='ocrx_word' id='word_1_1' title='bbox 850 308 901 336; x_wconf 75' lang='lat' dir='ltr'>DE</span> <span class='ocrx_word' id='word_1_2' title='bbox 935 309 1078 339; x_wconf 76' lang='grc' dir='ltr'>ΑῐΑοΕ.</span> <span class='ocrx_word' id='word_1_3' title='bbox 1723 303 1776 340; x_wconf 83' lang='grc'>93</span> 
     </span>
    </p>
   </div>
   <div class='ocr_carea' id='block_1_2' title="bbox 139 420 1784 2966">
    <p class='ocr_par' dir='ltr' id='par_1_2' title="bbox 145 420 1780 852">
     <span class='ocr_line' id='line_1_2' title="bbox 447 420 1441 473; baseline 0 -12"><span class='ocrx_word' id='word_1_4' title='bbox 447 420 516 468; x_wconf 79' lang='grc' dir='ltr'>οὓς</span> <span class='ocrx_word' id='word_1_5' title='bbox 551 421 599 472; x_wconf 86' lang='grc' dir='ltr'>δὴ</span> <span class='ocrx_word' id='word_1_6' title='bbox 633 424 848 472; x_wconf 79' lang='grc' dir='ltr'><strong><em>μηκίστους</em></strong></span> <span class='ocrx_word' id='word_1_7' title='bbox 878 420 1024 472; x_wconf 81' lang='grc' dir='ltr'>’θρέψε</span> <span class='ocrx_word' id='word_1_8' title='bbox 1056 422 1240 472; x_wconf 79' lang='grc' dir='ltr'><em>ζείδωρος</em></span> <span class='ocrx_word' id='word_1_9' title='bbox 1274 421 1441 473; x_wconf 75' lang='grc' dir='ltr'><em>ἄρουρα·</em></span> 
     </span>
     <span class='ocr_line' id='line_1_3' title="bbox 145 499 1778 548; baseline 0.003 -11"><span class='ocrx_word' id='word_1_10' title='bbox 145 507 282 546; x_wconf 86' lang='lat' dir='ltr'>neque</span> <span class='ocrx_word' id='word_1_11' title='bbox 315 499 479 547; x_wconf 86' lang='lat' dir='ltr'>origine</span> <span class='ocrx_word' id='word_1_12' title='bbox 513 499 712 537; x_wconf 86' lang='lat' dir='ltr'>diversos</span> <span class='ocrx_word' id='word_1_13' title='bbox 745 499 884 538; x_wconf 83' lang='lat' dir='ltr'>fuisse</span> <span class='ocrx_word' id='word_1_14' title='bbox 918 500 1144 548; x_wconf 80' lang='lat' dir='ltr'>gigantem</span> <span class='ocrx_word' id='word_1_15' title='bbox 1179 501 1220 538; x_wconf 87' lang='lat' dir='ltr'>et</span> <span class='ocrx_word' id='word_1_16' title='bbox 1257 499 1327 538; x_wconf 89' lang='lat' dir='ltr'>Oti</span> <span class='ocrx_word' id='word_1_17' title='bbox 1355 500 1537 539; x_wconf 82' lang='lat' dir='ltr'>fratrem</span> <span class='ocrx_word' id='word_1_18' title='bbox 1566 501 1653 540; x_wconf 88' lang='lat' dir='ltr'>iam</span> <span class='ocrx_word' id='word_1_19' title='bbox 1684 514 1778 542; x_wconf 91' lang='lat' dir='ltr'>con·</span> 
     </span>
     <span class='ocr_line' id='line_1_4' title="bbox 148 574 1779 624; baseline 0.003 -12"><span class='ocrx_word' id='word_1_20' title='bbox 148 574 250 612; x_wconf 84' lang='lat' dir='ltr'>iecit</span> <span class='ocrx_word' id='word_1_21' title='bbox 281 574 442 613; x_wconf 88' lang='lat' dir='ltr'>Preller</span> <span class='ocrx_word' id='word_1_22' title='bbox 475 574 560 619; x_wconf 85' lang='lat' dir='ltr'>(Gr.</span> <span class='ocrx_word' id='word_1_23' title='bbox 596 575 648 613; x_wconf 92' lang='lat' dir='ltr'>M.</span> <span class='ocrx_word' id='word_1_24' title='bbox 684 576 701 612; x_wconf 84' lang='lat' dir='ltr'>I</span> <span class='ocrx_word' id='word_1_25' title='bbox 736 576 819 619; x_wconf 78' lang='lat'>71).</span> <span class='ocrx_word' id='word_1_26' title='bbox 854 575 965 613; x_wconf 91' lang='lat' dir='ltr'>Nam</span> <span class='ocrx_word' id='word_1_27' title='bbox 1000 577 1047 613; x_wconf 91' lang='lat' dir='ltr'>ut</span> <span class='ocrx_word' id='word_1_28' title='bbox 1082 575 1292 624; x_wconf 82' lang='lat' dir='ltr'>Gigantes</span> <span class='ocrx_word' id='word_1_29' title='bbox 1325 578 1499 615; x_wconf 84' lang='lat' dir='ltr'>montes</span> <span class='ocrx_word' id='word_1_30' title='bbox 1533 578 1710 617; x_wconf 89' lang='lat' dir='ltr'>evulsos</span> <span class='ocrx_word' id='word_1_31' title='bbox 1737 580 1779 618; x_wconf 88' lang='lat' dir='ltr'>in</span> 
     </span>
     <span class='ocr_line' id='line_1_5' title="bbox 146 651 1780 703; baseline 0.002 -14"><span class='ocrx_word' id='word_1_32' title='bbox 146 651 249 689; x_wconf 92' lang='lat' dir='ltr'>deos</span> <span class='ocrx_word' id='word_1_33' title='bbox 281 651 518 699; x_wconf 86' lang='lat' dir='ltr'>coniciunt,</span> <span class='ocrx_word' id='word_1_34' title='bbox 555 652 618 690; x_wconf 91' lang='lat' dir='ltr'>sic</span> <span class='ocrx_word' id='word_1_35' title='bbox 636 651 759 691; x_wconf 90' lang='lat' dir='ltr'>Aloei</span> <span class='ocrx_word' id='word_1_36' title='bbox 787 651 863 690; x_wconf 87' lang='lat' dir='ltr'>filii</span> <span class='ocrx_word' id='word_1_37' title='bbox 894 651 1121 691; x_wconf 89' lang='lat' dir='ltr'>montibus</span> <span class='ocrx_word' id='word_1_38' title='bbox 1151 653 1217 690; x_wconf 90' lang='lat' dir='ltr'>usi</span> <span class='ocrx_word' id='word_1_39' title='bbox 1245 654 1348 691; x_wconf 87' lang='lat' dir='ltr'>sunt</span> <span class='ocrx_word' id='word_1_40' title='bbox 1376 662 1461 691; x_wconf 90' lang='lat' dir='ltr'>non</span> <span class='ocrx_word' id='word_1_41' title='bbox 1480 654 1528 691; x_wconf 91' lang='lat' dir='ltr'>ut</span> <span class='ocrx_word' id='word_1_42' title='bbox 1547 653 1780 703; x_wconf 86' lang='lat' dir='ltr'>Olympum</span> 
     </span>
     <span class='ocr_line' id='line_1_6' title="bbox 148 728 1780 777; baseline 0.002 -12"><span class='ocrx_word' id='word_1_43' title='bbox 148 728 416 776; x_wconf 83' lang='lat' dir='ltr'>attingerent</span> <span class='ocrx_word' id='word_1_44' title='bbox 457 728 532 766; x_wconf 89' lang='lat' dir='ltr'>sed</span> <span class='ocrx_word' id='word_1_45' title='bbox 586 728 638 766; x_wconf 90' lang='lat' dir='ltr'>ad</span> <span class='ocrx_word' id='word_1_46' title='bbox 687 728 791 767; x_wconf 91' lang='lat' dir='ltr'>deos</span> <span class='ocrx_word' id='word_1_47' title='bbox 839 728 1160 777; x_wconf 77' lang='lat' dir='ltr'>opprimendos</span> <span class='ocrx_word' id='word_1_48' title='bbox 1210 728 1444 777; x_wconf 87' lang='lat' dir='ltr'>Perperam</span> <span class='ocrx_word' id='word_1_49' title='bbox 1493 731 1608 768; x_wconf 87' lang='lat' dir='ltr'>enim</span> <span class='ocrx_word' id='word_1_50' title='bbox 1643 732 1662 767; x_wconf 80' lang='grc' dir='ltr'><strong><em>λ</em></strong></span> <span class='ocrx_word' id='word_1_51' title='bbox 1695 731 1780 770; x_wconf 81' lang='lat'>315</span> 
     </span>
     <span class='ocr_line' id='line_1_7' title="bbox 147 803 509 852; baseline 0.003 -10"><span class='ocrx_word' id='word_1_52' title='bbox 147 812 216 842; x_wconf 88' lang='lat' dir='ltr'>res</span> <span class='ocrx_word' id='word_1_53' title='bbox 249 803 509 852; x_wconf 85' lang='lat' dir='ltr'>depingitur.</span> 
     </span>
    </p>

    <p class='ocr_par' dir='ltr' id='par_1_3' title="bbox 143 879 1782 1312">
     <span class='ocr_line' id='line_1_8' title="bbox 205 879 1782 933; baseline 0.003 -15"><span class='ocrx_word' id='word_1_54' title='bbox 205 879 341 918; x_wconf 85' lang='lat' dir='ltr'>Mater</span> <span class='ocrx_word' id='word_1_55' title='bbox 374 882 523 919; x_wconf 86' lang='lat' dir='ltr'>autem</span> <span class='ocrx_word' id='word_1_56' title='bbox 558 880 849 919; x_wconf 90' lang='lat' dir='ltr'>Aloeadarum</span> <span class='ocrx_word' id='word_1_57' title='bbox 884 881 977 919; x_wconf 88' lang='lat' dir='ltr'>erat</span> <span class='ocrx_word' id='word_1_58' title='bbox 1004 880 1251 928; x_wconf 88' lang='lat' dir='ltr'>Iphimedia</span> <span class='ocrx_word' id='word_1_59' title='bbox 1275 880 1444 929; x_wconf 88' lang='lat' dir='ltr'>Triopis</span> <span class='ocrx_word' id='word_1_60' title='bbox 1482 881 1585 921; x_wconf 86' lang='lat' dir='ltr'>filia.</span> <span class='ocrx_word' id='word_1_61' title='bbox 1629 882 1782 933; x_wconf 78' lang='lat' dir='ltr'>Triope</span> 
     </span>
     <span class='ocr_line' id='line_1_9' title="bbox 145 956 1780 1008; baseline 0.002 -14"><span class='ocrx_word' id='word_1_62' title='bbox 145 956 214 994; x_wconf 91' lang='lat' dir='ltr'>vel</span> <span class='ocrx_word' id='word_1_63' title='bbox 263 956 539 1006; x_wconf 71' lang='grc' dir='ltr'><em>τριόφθαλμος</em></span> <span class='ocrx_word' id='word_1_64' title='bbox 589 957 656 996; x_wconf 90' lang='lat' dir='ltr'>vel</span> <span class='ocrx_word' id='word_1_65' title='bbox 701 957 868 1004; x_wconf 79' lang='lat' dir='ltr'>Oxylus</span> <span class='ocrx_word' id='word_1_66' title='bbox 912 967 1044 1005; x_wconf 89' lang='lat' dir='ltr'>supra</span> <span class='ocrx_word' id='word_1_67' title='bbox 1085 967 1184 996; x_wconf 88' lang='lat' dir='ltr'>cum</span> <span class='ocrx_word' id='word_1_68' title='bbox 1222 957 1482 997; x_wconf 88' lang='lat' dir='ltr'>Hodoedoco</span> <span class='ocrx_word' id='word_1_69' title='bbox 1517 958 1625 997; x_wconf 85' lang='lat' dir='ltr'>Oilei</span> <span class='ocrx_word' id='word_1_70' title='bbox 1657 962 1780 1008; x_wconf 86' lang='lat' dir='ltr'>patre</span> 
     </span>
     <span class='ocr_line' id='line_1_10' title="bbox 145 1033 1781 1083; baseline 0.002 -12"><span class='ocrx_word' id='word_1_71' title='bbox 145 1033 494 1082; x_wconf 80' lang='lat' dir='ltr'>comparabatur.</span> <span class='ocrx_word' id='word_1_72' title='bbox 545 1034 676 1072; x_wconf 81' lang='lat' dir='ltr'>quta</span> <span class='ocrx_word' id='word_1_73' title='bbox 723 1033 909 1072; x_wconf 87' lang='lat' dir='ltr'>Aloeum</span> <span class='ocrx_word' id='word_1_74' title='bbox 958 1034 1187 1082; x_wconf 84' lang='lat' dir='ltr'>Neptunus</span> <span class='ocrx_word' id='word_1_75' title='bbox 1234 1033 1449 1082; x_wconf 87' lang='lat' dir='ltr'>Ephialtis</span> <span class='ocrx_word' id='word_1_76' title='bbox 1496 1035 1617 1074; x_wconf 89' lang='lat' dir='ltr'>audit</span> <span class='ocrx_word' id='word_1_77' title='bbox 1656 1038 1781 1083; x_wconf 87' lang='lat' dir='ltr'>pater</span> 
     </span>
     <span class='ocr_line' id='line_1_11' title="bbox 145 1108 1781 1160; baseline 0.002 -13"><span class='ocrx_word' id='word_1_78' title='bbox 145 1109 335 1154; x_wconf 91' lang='lat' dir='ltr'>(Hesiod.</span> <span class='ocrx_word' id='word_1_79' title='bbox 365 1109 415 1148; x_wconf 88' lang='lat' dir='ltr'>fr.</span> <span class='ocrx_word' id='word_1_80' title='bbox 447 1109 510 1156; x_wconf 86' lang='lat'>9);</span> <span class='ocrx_word' id='word_1_81' title='bbox 544 1110 606 1148; x_wconf 84' lang='lat' dir='ltr'>ita</span> <span class='ocrx_word' id='word_1_82' title='bbox 638 1110 687 1148; x_wconf 85' lang='lat' dir='ltr'>ut</span> <span class='ocrx_word' id='word_1_83' title='bbox 722 1108 867 1146; x_wconf 79' lang='grc' dir='ltr'><em>Αἴαντε</em></span> <span class='ocrx_word' id='word_1_84' title='bbox 901 1120 999 1148; x_wconf 88' lang='lat' dir='ltr'>cum</span> <span class='ocrx_word' id='word_1_85' title='bbox 1028 1110 1212 1148; x_wconf 90' lang='lat' dir='ltr'>numine</span> <span class='ocrx_word' id='word_1_86' title='bbox 1239 1110 1408 1148; x_wconf 86' lang='lat' dir='ltr'>marino</span> <span class='ocrx_word' id='word_1_87' title='bbox 1443 1111 1661 1150; x_wconf 89' lang='lat' dir='ltr'>coniuncti</span> <span class='ocrx_word' id='word_1_88' title='bbox 1688 1122 1781 1160; x_wconf 88' lang='lat' dir='ltr'>pos-</span> 
     </span>
     <span class='ocr_line' id='line_1_12' title="bbox 144 1185 1781 1237; baseline 0.002 -14"><span class='ocrx_word' id='word_1_89' title='bbox 144 1185 233 1223; x_wconf 84' lang='lat' dir='ltr'>sint</span> <span class='ocrx_word' id='word_1_90' title='bbox 260 1195 358 1224; x_wconf 91' lang='lat' dir='ltr'>cum</span> <span class='ocrx_word' id='word_1_91' title='bbox 387 1185 590 1224; x_wconf 90' lang='lat' dir='ltr'>Aloeadis</span> <span class='ocrx_word' id='word_1_92' title='bbox 608 1185 817 1224; x_wconf 81' lang='lat' dir='ltr'>fratribus</span> <span class='ocrx_word' id='word_1_93' title='bbox 837 1196 858 1224; x_wconf 91' lang='lat' dir='ltr'>e</span> <span class='ocrx_word' id='word_1_94' title='bbox 876 1186 1078 1235; x_wconf 88' lang='lat' dir='ltr'>Neptuno</span> <span class='ocrx_word' id='word_1_95' title='bbox 1097 1187 1257 1235; x_wconf 88' lang='lat' dir='ltr'>genitis</span> <span class='ocrx_word' id='word_1_96' title='bbox 1275 1187 1476 1226; x_wconf 83' lang='lat' dir='ltr'>conferri.</span> <span class='ocrx_word' id='word_1_97' title='bbox 1501 1188 1614 1226; x_wconf 79' lang='lat' dir='ltr'>Aiax</span> <span class='ocrx_word' id='word_1_98' title='bbox 1632 1199 1781 1237; x_wconf 84' lang='lat' dir='ltr'>rapere</span> 
     </span>
     <span class='ocr_line' id='line_1_13' title="bbox 143 1260 1688 1312; baseline 0.003 -13"><span class='ocrx_word' id='word_1_99' title='bbox 143 1260 282 1299; x_wconf 88' lang='lat' dir='ltr'>voluit</span> <span class='ocrx_word' id='word_1_100' title='bbox 315 1261 621 1309; x_wconf 79' lang='lat' dir='ltr'>Cassandram,</span> <span class='ocrx_word' id='word_1_101' title='bbox 656 1262 732 1301; x_wconf 87' lang='lat' dir='ltr'>sed</span> <span class='ocrx_word' id='word_1_102' title='bbox 770 1262 878 1301; x_wconf 89' lang='lat' dir='ltr'>Otus</span> <span class='ocrx_word' id='word_1_103' title='bbox 911 1263 1172 1312; x_wconf 84' lang='lat' dir='ltr'>Minervam,</span> <span class='ocrx_word' id='word_1_104' title='bbox 1207 1263 1432 1311; x_wconf 81' lang='lat' dir='ltr'>Ephialtes</span> <span class='ocrx_word' id='word_1_105' title='bbox 1464 1263 1688 1304; x_wconf 83' lang='lat' dir='ltr'>Iunonem.</span> 
     </span>
    </p>

    <p class='ocr_par' dir='ltr' id='par_1_4' title="bbox 139 1336 1784 2966">
     <span class='ocr_line' id='line_1_14' title="bbox 204 1336 1778 1388; baseline 0.003 -13"><span class='ocrx_word' id='word_1_106' title='bbox 204 1336 312 1375; x_wconf 87' lang='lat' dir='ltr'>Cum</span> <span class='ocrx_word' id='word_1_107' title='bbox 345 1337 466 1376; x_wconf 90' lang='lat' dir='ltr'>hisce</span> <span class='ocrx_word' id='word_1_108' title='bbox 499 1338 782 1386; x_wconf 88' lang='lat' dir='ltr'>comparandi</span> <span class='ocrx_word' id='word_1_109' title='bbox 815 1340 919 1376; x_wconf 90' lang='lat' dir='ltr'>sunt</span> <span class='ocrx_word' id='word_1_110' title='bbox 952 1337 1132 1377; x_wconf 86' lang='lat' dir='ltr'>Cteatus</span> <span class='ocrx_word' id='word_1_111' title='bbox 1166 1342 1209 1376; x_wconf 88' lang='lat' dir='ltr'>et</span> <span class='ocrx_word' id='word_1_112' title='bbox 1242 1338 1434 1386; x_wconf 77' lang='lat' dir='ltr'>Eurytus</span> <span class='ocrx_word' id='word_1_113' title='bbox 1476 1339 1666 1388; x_wconf 83' lang='lat' dir='ltr'>Neptuni</span> <span class='ocrx_word' id='word_1_114' title='bbox 1702 1340 1778 1380; x_wconf 89' lang='lat' dir='ltr'>filii</span> 
     </span>
     <span class='ocr_line' id='line_1_15' title="bbox 145 1413 1779 1464; baseline 0.003 -13"><span class='ocrx_word' id='word_1_115' title='bbox 145 1413 197 1451; x_wconf 92' lang='lat' dir='ltr'>ab</span> <span class='ocrx_word' id='word_1_116' title='bbox 231 1413 422 1452; x_wconf 90' lang='lat' dir='ltr'>Homero</span> <span class='ocrx_word' id='word_1_117' title='bbox 456 1414 574 1452; x_wconf 88' lang='lat' dir='ltr'>duali</span> <span class='ocrx_word' id='word_1_118' title='bbox 606 1414 749 1452; x_wconf 88' lang='lat' dir='ltr'>forma</span> <span class='ocrx_word' id='word_1_119' title='bbox 782 1413 964 1452; x_wconf 70' lang='grc' dir='ltr'><em>Μολίονε</em></span> <span class='ocrx_word' id='word_1_120' title='bbox 998 1417 1052 1458; x_wconf 92' lang='grc' dir='ltr'>(Λ</span> <span class='ocrx_word' id='word_1_121' title='bbox 1086 1415 1184 1459; x_wconf 82' lang='lat'>709)</span> <span class='ocrx_word' id='word_1_122' title='bbox 1230 1414 1299 1452; x_wconf 89' lang='lat' dir='ltr'>vel</span> <span class='ocrx_word' id='word_1_123' title='bbox 1332 1414 1560 1464; x_wconf 77' lang='grc' dir='ltr'><em>Ἀκτορίωνε</em></span> <span class='ocrx_word' id='word_1_124' title='bbox 1591 1419 1646 1461; x_wconf 91' lang='grc' dir='ltr'>(Λ</span> <span class='ocrx_word' id='word_1_125' title='bbox 1679 1417 1779 1462; x_wconf 84' lang='lat'>750)</span> 
     </span>
     <span class='ocr_line' id='line_1_16' title="bbox 144 1485 1776 1542; baseline 0.002 -14"><span class='ocrx_word' id='word_1_126' title='bbox 144 1485 338 1528; x_wconf 85' lang='lat' dir='ltr'>indicati.</span> <span class='ocrx_word' id='word_1_127' title='bbox 369 1489 490 1528; x_wconf 86' lang='lat' dir='ltr'>Sicut</span> <span class='ocrx_word' id='word_1_128' title='bbox 507 1490 666 1528; x_wconf 88' lang='lat' dir='ltr'>Aiante</span> <span class='ocrx_word' id='word_1_129' title='bbox 685 1490 728 1527; x_wconf 90' lang='lat' dir='ltr'>hi</span> <span class='ocrx_word' id='word_1_130' title='bbox 747 1499 917 1537; x_wconf 86' lang='lat' dir='ltr'>quoque</span> <span class='ocrx_word' id='word_1_131' title='bbox 935 1491 1046 1538; x_wconf 88' lang='lat' dir='ltr'>apud</span> <span class='ocrx_word' id='word_1_132' title='bbox 1064 1492 1237 1538; x_wconf 89' lang='lat' dir='ltr'>poetam</span> <span class='ocrx_word' id='word_1_133' title='bbox 1258 1490 1346 1528; x_wconf 90' lang='lat' dir='ltr'>iam</span> <span class='ocrx_word' id='word_1_134' title='bbox 1363 1490 1467 1529; x_wconf 88' lang='lat' dir='ltr'>facti</span> <span class='ocrx_word' id='word_1_135' title='bbox 1486 1492 1589 1529; x_wconf 85' lang='lat' dir='ltr'>sunt</span> <span class='ocrx_word' id='word_1_136' title='bbox 1604 1492 1776 1542; x_wconf 89' lang='lat' dir='ltr'>heroes,</span> 
     </span>
     <span class='ocr_line' id='line_1_17' title="bbox 145 1564 1784 1616; baseline 0.004 -14"><span class='ocrx_word' id='word_1_137' title='bbox 145 1565 258 1612; x_wconf 88' lang='lat' dir='ltr'>quod</span> <span class='ocrx_word' id='word_1_138' title='bbox 286 1565 336 1603; x_wconf 91' lang='lat' dir='ltr'>de</span> <span class='ocrx_word' id='word_1_139' title='bbox 370 1564 574 1603; x_wconf 89' lang='lat' dir='ltr'>Aloeadis</span> <span class='ocrx_word' id='word_1_140' title='bbox 601 1565 644 1603; x_wconf 89' lang='lat' dir='ltr'>in</span> <span class='ocrx_word' id='word_1_141' title='bbox 674 1565 869 1604; x_wconf 82' lang='lat' dir='ltr'>carmine</span> <span class='ocrx_word' id='word_1_142' title='bbox 899 1566 1018 1613; x_wconf 90' lang='lat' dir='ltr'>epico</span> <span class='ocrx_word' id='word_1_143' title='bbox 1048 1565 1242 1603; x_wconf 89' lang='lat' dir='ltr'>nondum</span> <span class='ocrx_word' id='word_1_144' title='bbox 1272 1566 1354 1603; x_wconf 88' lang='lat' dir='ltr'>dici</span> <span class='ocrx_word' id='word_1_145' title='bbox 1382 1567 1539 1613; x_wconf 88' lang='lat' dir='ltr'>potest.</span> <span class='ocrx_word' id='word_1_146' title='bbox 1565 1567 1646 1606; x_wconf 83' lang='lat' dir='ltr'>Sed</span> <span class='ocrx_word' id='word_1_147' title='bbox 1671 1569 1784 1616; x_wconf 87' lang='lat' dir='ltr'>quod</span> 
     </span>
     <span class='ocr_line' id='line_1_18' title="bbox 142 1640 1781 1689; baseline 0.002 -11"><span class='ocrx_word' id='word_1_148' title='bbox 142 1649 229 1678; x_wconf 90' lang='lat' dir='ltr'>non</span> <span class='ocrx_word' id='word_1_149' title='bbox 258 1640 363 1679; x_wconf 86' lang='lat' dir='ltr'>fecit</span> <span class='ocrx_word' id='word_1_150' title='bbox 389 1640 608 1679; x_wconf 89' lang='lat' dir='ltr'>Homerus</span> <span class='ocrx_word' id='word_1_151' title='bbox 633 1641 802 1679; x_wconf 87' lang='lat' dir='ltr'>factum</span> <span class='ocrx_word' id='word_1_152' title='bbox 833 1642 900 1679; x_wconf 89' lang='lat' dir='ltr'>est</span> <span class='ocrx_word' id='word_1_153' title='bbox 919 1640 1192 1689; x_wconf 87' lang='lat' dir='ltr'>temporibus</span> <span class='ocrx_word' id='word_1_154' title='bbox 1214 1640 1514 1680; x_wconf 87' lang='lat' dir='ltr'>volventibus:</span> <span class='ocrx_word' id='word_1_155' title='bbox 1536 1642 1647 1681; x_wconf 80' lang='lat' dir='ltr'>Naxi</span> <span class='ocrx_word' id='word_1_156' title='bbox 1667 1645 1781 1682; x_wconf 89' lang='lat' dir='ltr'>enim</span> 
     </span>
     <span class='ocr_line' id='line_1_19' title="bbox 144 1716 1783 1766; baseline 0.002 -12"><span class='ocrx_word' id='word_1_157' title='bbox 144 1716 360 1755; x_wconf 88' lang='lat' dir='ltr'>Aloeadae</span> <span class='ocrx_word' id='word_1_158' title='bbox 395 1717 577 1755; x_wconf 90' lang='lat' dir='ltr'>heroum</span> <span class='ocrx_word' id='word_1_159' title='bbox 612 1716 871 1755; x_wconf 85' lang='lat' dir='ltr'>fruebantur</span> <span class='ocrx_word' id='word_1_160' title='bbox 905 1716 1024 1755; x_wconf 85' lang='lat' dir='ltr'>cultu</span> <span class='ocrx_word' id='word_1_161' title='bbox 1058 1717 1194 1761; x_wconf 86' lang='lat' dir='ltr'>(Serv.</span> <span class='ocrx_word' id='word_1_162' title='bbox 1229 1717 1336 1755; x_wconf 88' lang='lat' dir='ltr'>Aen.</span> <span class='ocrx_word' id='word_1_163' title='bbox 1372 1717 1441 1766; x_wconf 80' lang='lat' dir='ltr'>VI,</span> <span class='ocrx_word' id='word_1_164' title='bbox 1478 1718 1590 1762; x_wconf 80' lang='lat'>582).</span> <span class='ocrx_word' id='word_1_165' title='bbox 1626 1719 1783 1758; x_wconf 83' lang='lat' dir='ltr'>Pausa-</span> 
     </span>
     <span class='ocr_line' id='line_1_20' title="bbox 142 1792 1783 1842; baseline 0.002 -12"><span class='ocrx_word' id='word_1_166' title='bbox 142 1792 237 1830; x_wconf 85' lang='lat' dir='ltr'>nias</span> <span class='ocrx_word' id='word_1_167' title='bbox 270 1792 358 1841; x_wconf 81' lang='lat' dir='ltr'>(IX,</span> <span class='ocrx_word' id='word_1_168' title='bbox 394 1793 464 1837; x_wconf 79' lang='lat'>22)</span> <span class='ocrx_word' id='word_1_169' title='bbox 497 1803 648 1831; x_wconf 91' lang='lat' dir='ltr'>eorum</span> <span class='ocrx_word' id='word_1_170' title='bbox 681 1792 934 1841; x_wconf 89' lang='lat' dir='ltr'>sepulcrum</span> <span class='ocrx_word' id='word_1_171' title='bbox 970 1793 1228 1831; x_wconf 86' lang='lat' dir='ltr'>Anthedone</span> <span class='ocrx_word' id='word_1_172' title='bbox 1261 1796 1498 1842; x_wconf 84' lang='lat' dir='ltr'>memorat,</span> <span class='ocrx_word' id='word_1_173' title='bbox 1544 1795 1666 1833; x_wconf 86' lang='lat' dir='ltr'>cuius</span> <span class='ocrx_word' id='word_1_174' title='bbox 1700 1795 1783 1834; x_wconf 86' lang='lat' dir='ltr'>loci</span> 
     </span>
     <span class='ocr_line' id='line_1_21' title="bbox 141 1867 1784 1918; baseline 0.002 -11"><span class='ocrx_word' id='word_1_175' title='bbox 141 1878 408 1917; x_wconf 89' lang='lat' dir='ltr'>eponymum</span> <span class='ocrx_word' id='word_1_176' title='bbox 437 1869 628 1907; x_wconf 86' lang='lat' dir='ltr'>Antham</span> <span class='ocrx_word' id='word_1_177' title='bbox 658 1868 854 1906; x_wconf 87' lang='lat' dir='ltr'>Atlantis</span> <span class='ocrx_word' id='word_1_178' title='bbox 882 1870 1086 1916; x_wconf 86' lang='lat' dir='ltr'>nepotem</span> <span class='ocrx_word' id='word_1_179' title='bbox 1118 1867 1259 1906; x_wconf 88' lang='lat' dir='ltr'>filium</span> <span class='ocrx_word' id='word_1_180' title='bbox 1289 1868 1481 1917; x_wconf 89' lang='lat' dir='ltr'>Neptuni</span> <span class='ocrx_word' id='word_1_181' title='bbox 1501 1872 1543 1908; x_wconf 92' lang='lat' dir='ltr'>et</span> <span class='ocrx_word' id='word_1_182' title='bbox 1560 1871 1784 1918; x_wconf 83' lang='lat' dir='ltr'>Alcyonae</span> 
     </span>
     <span class='ocr_line' id='line_1_22' title="bbox 143 1944 1782 1996; baseline 0.002 -14"><span class='ocrx_word' id='word_1_183' title='bbox 143 1954 274 1992; x_wconf 91' lang='lat' dir='ltr'>supra</span> <span class='ocrx_word' id='word_1_184' title='bbox 317 1944 569 1983; x_wconf 87' lang='lat' dir='ltr'>Telamonis</span> <span class='ocrx_word' id='word_1_185' title='bbox 609 1945 653 1982; x_wconf 89' lang='lat' dir='ltr'>in</span> <span class='ocrx_word' id='word_1_186' title='bbox 686 1946 930 1983; x_wconf 88' lang='lat' dir='ltr'>stemmate</span> <span class='ocrx_word' id='word_1_187' title='bbox 964 1945 1232 1984; x_wconf 87' lang='lat' dir='ltr'>invenimus.</span> <span class='ocrx_word' id='word_1_188' title='bbox 1268 1946 1404 1984; x_wconf 82' lang='lat' dir='ltr'>Adice</span> <span class='ocrx_word' id='word_1_189' title='bbox 1437 1946 1654 1985; x_wconf 86' lang='lat' dir='ltr'>Aloeadas</span> <span class='ocrx_word' id='word_1_190' title='bbox 1688 1958 1782 1996; x_wconf 33' lang='lat' dir='ltr'>quo*</span> 
     </span>
     <span class='ocr_line' id='line_1_23' title="bbox 141 2021 1780 2069; baseline 0.003 -11"><span class='ocrx_word' id='word_1_191' title='bbox 141 2030 223 2067; x_wconf 86' lang='lat' dir='ltr'>que</span> <span class='ocrx_word' id='word_1_192' title='bbox 251 2021 424 2068; x_wconf 84' lang='lat' dir='ltr'>Hygino</span> <span class='ocrx_word' id='word_1_193' title='bbox 452 2022 582 2069; x_wconf 88' lang='lat' dir='ltr'>teste,</span> <span class='ocrx_word' id='word_1_194' title='bbox 614 2022 662 2058; x_wconf 93' lang='lat' dir='ltr'>ut</span> <span class='ocrx_word' id='word_1_195' title='bbox 681 2021 881 2069; x_wconf 84' lang='lat' dir='ltr'>Aiacem,</span> <span class='ocrx_word' id='word_1_196' title='bbox 913 2031 937 2059; x_wconf 89' lang='lat' dir='ltr'>a</span> <span class='ocrx_word' id='word_1_197' title='bbox 956 2021 1213 2059; x_wconf 90' lang='lat' dir='ltr'>vulneribus</span> <span class='ocrx_word' id='word_1_198' title='bbox 1232 2023 1353 2060; x_wconf 89' lang='lat' dir='ltr'>tutos</span> <span class='ocrx_word' id='word_1_199' title='bbox 1381 2021 1532 2061; x_wconf 84' lang='lat' dir='ltr'>fuisse.</span> <span class='ocrx_word' id='word_1_200' title='bbox 1559 2023 1780 2063; x_wconf 86' lang='lat' dir='ltr'>Iniuriane</span> 
     </span>
     <span class='ocr_line' id='line_1_24' title="bbox 141 2096 1779 2146; baseline 0.003 -12"><span class='ocrx_word' id='word_1_201' title='bbox 141 2097 448 2135; x_wconf 81' lang='lat' dir='ltr'>contendimus</span> <span class='ocrx_word' id='word_1_202' title='bbox 478 2097 632 2135; x_wconf 86' lang='lat' dir='ltr'>Aiaces</span> <span class='ocrx_word' id='word_1_203' title='bbox 665 2098 707 2134; x_wconf 88' lang='lat' dir='ltr'>et</span> <span class='ocrx_word' id='word_1_204' title='bbox 740 2096 956 2135; x_wconf 91' lang='lat' dir='ltr'>Aloeadas</span> <span class='ocrx_word' id='word_1_205' title='bbox 988 2097 1102 2135; x_wconf 90' lang='lat' dir='ltr'>inter</span> <span class='ocrx_word' id='word_1_206' title='bbox 1136 2107 1183 2135; x_wconf 91' lang='lat' dir='ltr'>se</span> <span class='ocrx_word' id='word_1_207' title='bbox 1216 2098 1463 2145; x_wconf 85' lang='lat' dir='ltr'>comparari</span> <span class='ocrx_word' id='word_1_208' title='bbox 1494 2101 1654 2146; x_wconf 86' lang='lat' dir='ltr'>posse?</span> <span class='ocrx_word' id='word_1_209' title='bbox 1686 2100 1779 2139; x_wconf 90' lang='lat' dir='ltr'>Non</span> 
     </span>
     <span class='ocr_line' id='line_1_25' title="bbox 141 2173 1780 2221; baseline 0.002 -11"><span class='ocrx_word' id='word_1_210' title='bbox 141 2173 311 2220; x_wconf 88' lang='lat' dir='ltr'>opinor;</span> <span class='ocrx_word' id='word_1_211' title='bbox 346 2183 485 2220; x_wconf 84' lang='lat' dir='ltr'>neque</span> <span class='ocrx_word' id='word_1_212' title='bbox 517 2173 681 2211; x_wconf 88' lang='lat' dir='ltr'>mirum</span> <span class='ocrx_word' id='word_1_213' title='bbox 716 2173 933 2211; x_wconf 90' lang='lat' dir='ltr'>videbitur</span> <span class='ocrx_word' id='word_1_214' title='bbox 967 2173 1276 2221; x_wconf 88' lang='lat' dir='ltr'>reputantibus</span> <span class='ocrx_word' id='word_1_215' title='bbox 1319 2184 1399 2212; x_wconf 90' lang='lat' dir='ltr'>nos</span> <span class='ocrx_word' id='word_1_216' title='bbox 1434 2174 1502 2213; x_wconf 87' lang='lat' dir='ltr'>hic</span> <span class='ocrx_word' id='word_1_217' title='bbox 1535 2176 1705 2214; x_wconf 88' lang='lat' dir='ltr'>versari</span> <span class='ocrx_word' id='word_1_218' title='bbox 1737 2177 1780 2214; x_wconf 90' lang='lat' dir='ltr'>in</span> 
     </span>
     <span class='ocr_line' id='line_1_26' title="bbox 142 2248 1779 2300; baseline 0.002 -14"><span class='ocrx_word' id='word_1_219' title='bbox 142 2248 407 2287; x_wconf 90' lang='lat' dir='ltr'>daemonum</span> <span class='ocrx_word' id='word_1_220' title='bbox 440 2259 615 2296; x_wconf 87' lang='lat' dir='ltr'>genere,</span> <span class='ocrx_word' id='word_1_221' title='bbox 651 2248 723 2295; x_wconf 88' lang='lat' dir='ltr'>qui</span> <span class='ocrx_word' id='word_1_222' title='bbox 763 2249 815 2286; x_wconf 90' lang='lat' dir='ltr'>ad</span> <span class='ocrx_word' id='word_1_223' title='bbox 848 2259 985 2286; x_wconf 89' lang='lat' dir='ltr'>unum</span> <span class='ocrx_word' id='word_1_224' title='bbox 1019 2259 1173 2287; x_wconf 89' lang='lat' dir='ltr'>omnes</span> <span class='ocrx_word' id='word_1_225' title='bbox 1206 2250 1389 2287; x_wconf 89' lang='lat' dir='ltr'>naturae</span> <span class='ocrx_word' id='word_1_226' title='bbox 1426 2252 1608 2298; x_wconf 84' lang='lat' dir='ltr'>vegetae</span> <span class='ocrx_word' id='word_1_227' title='bbox 1642 2253 1779 2300; x_wconf 82' lang='lat' dir='ltr'>expri-</span> 
     </span>
     <span class='ocr_line' id='line_1_27' title="bbox 141 2323 1777 2372; baseline 0.004 -12"><span class='ocrx_word' id='word_1_228' title='bbox 141 2325 266 2361; x_wconf 86' lang='lat' dir='ltr'>mant</span> <span class='ocrx_word' id='word_1_229' title='bbox 314 2324 404 2361; x_wconf 90' lang='lat' dir='ltr'>vim</span> <span class='ocrx_word' id='word_1_230' title='bbox 452 2323 786 2371; x_wconf 83' lang='lat' dir='ltr'>inexhaustam,</span> <span class='ocrx_word' id='word_1_231' title='bbox 826 2324 1072 2372; x_wconf 88' lang='lat' dir='ltr'>ingentem,</span> <span class='ocrx_word' id='word_1_232' title='bbox 1116 2324 1403 2372; x_wconf 90' lang='lat' dir='ltr'>indomitam;</span> <span class='ocrx_word' id='word_1_233' title='bbox 1449 2325 1580 2364; x_wconf 91' lang='lat' dir='ltr'>hosce</span> <span class='ocrx_word' id='word_1_234' title='bbox 1627 2329 1777 2366; x_wconf 89' lang='lat' dir='ltr'>autem</span> 
     </span>
     <span class='ocr_line' id='line_1_28' title="bbox 139 2398 1777 2451; baseline 0.004 -14"><span class='ocrx_word' id='word_1_235' title='bbox 139 2398 374 2437; x_wconf 88' lang='lat' dir='ltr'>daemones</span> <span class='ocrx_word' id='word_1_236' title='bbox 406 2409 480 2447; x_wconf 87' lang='lat' dir='ltr'>pro</span> <span class='ocrx_word' id='word_1_237' title='bbox 514 2399 607 2437; x_wconf 90' lang='lat' dir='ltr'>deis</span> <span class='ocrx_word' id='word_1_238' title='bbox 634 2399 808 2437; x_wconf 89' lang='lat' dir='ltr'>habitos</span> <span class='ocrx_word' id='word_1_239' title='bbox 843 2409 940 2438; x_wconf 91' lang='lat' dir='ltr'>esse</span> <span class='ocrx_word' id='word_1_240' title='bbox 969 2409 994 2438; x_wconf 89' lang='lat' dir='ltr'>a</span> <span class='ocrx_word' id='word_1_241' title='bbox 1027 2399 1235 2439; x_wconf 78' lang='lat' dir='ltr'>Graeciae</span> <span class='ocrx_word' id='word_1_242' title='bbox 1268 2400 1442 2449; x_wconf 86' lang='lat' dir='ltr'>incolis,</span> <span class='ocrx_word' id='word_1_243' title='bbox 1468 2411 1552 2448; x_wconf 86' lang='lat' dir='ltr'>quo</span> <span class='ocrx_word' id='word_1_244' title='bbox 1580 2404 1777 2451; x_wconf 90' lang='lat' dir='ltr'>tempore</span> 
     </span>
     <span class='ocr_line' id='line_1_29' title="bbox 142 2473 1777 2527; baseline 0.004 -16"><span class='ocrx_word' id='word_1_245' title='bbox 142 2473 332 2523; x_wconf 89' lang='lat' dir='ltr'>Olympii</span> <span class='ocrx_word' id='word_1_246' title='bbox 372 2474 607 2522; x_wconf 88' lang='lat' dir='ltr'>imperium</span> <span class='ocrx_word' id='word_1_247' title='bbox 651 2474 844 2512; x_wconf 89' lang='lat' dir='ltr'>nondum</span> <span class='ocrx_word' id='word_1_248' title='bbox 888 2475 1207 2523; x_wconf 83' lang='lat' dir='ltr'>obtinuissent;</span> <span class='ocrx_word' id='word_1_249' title='bbox 1242 2477 1394 2524; x_wconf 90' lang='lat' dir='ltr'>postea</span> <span class='ocrx_word' id='word_1_250' title='bbox 1427 2486 1527 2515; x_wconf 89' lang='lat' dir='ltr'>vero</span> <span class='ocrx_word' id='word_1_251' title='bbox 1563 2478 1777 2527; x_wconf 88' lang='lat' dir='ltr'>Olympiis</span> 
     </span>
     <span class='ocr_line' id='line_1_30' title="bbox 141 2549 1776 2599; baseline 0.003 -12"><span class='ocrx_word' id='word_1_252' title='bbox 141 2558 273 2597; x_wconf 87' lang='lat' dir='ltr'>supra</span> <span class='ocrx_word' id='word_1_253' title='bbox 316 2552 461 2588; x_wconf 86' lang='lat' dir='ltr'>cetera</span> <span class='ocrx_word' id='word_1_254' title='bbox 502 2550 684 2588; x_wconf 88' lang='lat' dir='ltr'>numina</span> <span class='ocrx_word' id='word_1_255' title='bbox 717 2549 843 2588; x_wconf 83' lang='lat' dir='ltr'>ela-tis</span> <span class='ocrx_word' id='word_1_256' title='bbox 876 2551 1000 2596; x_wconf 84' lang='lat' dir='ltr'>quasi</span> <span class='ocrx_word' id='word_1_257' title='bbox 1033 2561 1225 2599; x_wconf 87' lang='lat' dir='ltr'>pugnam</span> <span class='ocrx_word' id='word_1_258' title='bbox 1258 2551 1373 2589; x_wconf 81' lang='lat' dir='ltr'>inter</span> <span class='ocrx_word' id='word_1_259' title='bbox 1405 2561 1543 2590; x_wconf 92' lang='lat' dir='ltr'>novos</span> <span class='ocrx_word' id='word_1_260' title='bbox 1576 2554 1776 2592; x_wconf 88' lang='lat' dir='ltr'>dominos</span> 
     </span>
     <span class='ocr_line' id='line_1_31' title="bbox 140 2625 1773 2674; baseline 0.003 -12"><span class='ocrx_word' id='word_1_261' title='bbox 140 2625 268 2672; x_wconf 87' lang='lat' dir='ltr'>atque</span> <span class='ocrx_word' id='word_1_262' title='bbox 312 2628 479 2663; x_wconf 87' lang='lat' dir='ltr'>ceteros</span> <span class='ocrx_word' id='word_1_263' title='bbox 523 2625 659 2663; x_wconf 89' lang='lat' dir='ltr'>maris</span> <span class='ocrx_word' id='word_1_264' title='bbox 698 2627 927 2672; x_wconf 87' lang='lat' dir='ltr'>terraeque</span> <span class='ocrx_word' id='word_1_265' title='bbox 961 2625 1201 2665; x_wconf 91' lang='lat' dir='ltr'>daemones</span> <span class='ocrx_word' id='word_1_266' title='bbox 1235 2626 1457 2664; x_wconf 82' lang='lat' dir='ltr'>exarsisse</span> <span class='ocrx_word' id='word_1_267' title='bbox 1470 2638 1479 2674; x_wconf 91' lang='lat'>;</span> <span class='ocrx_word' id='word_1_268' title='bbox 1514 2628 1593 2666; x_wconf 88' lang='lat' dir='ltr'>hos</span> <span class='ocrx_word' id='word_1_269' title='bbox 1626 2632 1773 2667; x_wconf 85' lang='lat' dir='ltr'>autem</span> 
     </span>
     <span class='ocr_line' id='line_1_32' title="bbox 140 2700 1772 2750; baseline 0.004 -13"><span class='ocrx_word' id='word_1_270' title='bbox 140 2700 296 2738; x_wconf 90' lang='lat' dir='ltr'>dehinc</span> <span class='ocrx_word' id='word_1_271' title='bbox 327 2710 412 2738; x_wconf 92' lang='lat' dir='ltr'>non</span> <span class='ocrx_word' id='word_1_272' title='bbox 447 2711 471 2738; x_wconf 91' lang='lat' dir='ltr'>a</span> <span class='ocrx_word' id='word_1_273' title='bbox 503 2700 703 2739; x_wconf 88' lang='lat' dir='ltr'>ruricolis</span> <span class='ocrx_word' id='word_1_274' title='bbox 736 2701 811 2738; x_wconf 92' lang='lat' dir='ltr'>sed</span> <span class='ocrx_word' id='word_1_275' title='bbox 851 2711 875 2739; x_wconf 87' lang='lat' dir='ltr'>a</span> <span class='ocrx_word' id='word_1_276' title='bbox 906 2701 1047 2748; x_wconf 87' lang='lat' dir='ltr'>poetis</span> <span class='ocrx_word' id='word_1_277' title='bbox 1080 2701 1214 2750; x_wconf 91' lang='lat' dir='ltr'>epicis</span> <span class='ocrx_word' id='word_1_278' title='bbox 1247 2702 1373 2748; x_wconf 84' lang='lat' dir='ltr'>quasi</span> <span class='ocrx_word' id='word_1_279' title='bbox 1407 2703 1571 2750; x_wconf 87' lang='lat' dir='ltr'>origine</span> <span class='ocrx_word' id='word_1_280' title='bbox 1604 2704 1772 2743; x_wconf 87' lang='lat' dir='ltr'>inferio-</span> 
     </span>
     <span class='ocr_line' id='line_1_33' title="bbox 143 2777 1776 2828; baseline 0.002 -14"><span class='ocrx_word' id='word_1_281' title='bbox 143 2786 230 2825; x_wconf 82' lang='lat' dir='ltr'>res,</span> <span class='ocrx_word' id='word_1_282' title='bbox 276 2777 393 2815; x_wconf 86' lang='lat' dir='ltr'>cultu</span> <span class='ocrx_word' id='word_1_283' title='bbox 437 2777 583 2815; x_wconf 88' lang='lat' dir='ltr'>divino</span> <span class='ocrx_word' id='word_1_284' title='bbox 622 2777 840 2825; x_wconf 82' lang='lat' dir='ltr'>indignOS‚</span> <span class='ocrx_word' id='word_1_285' title='bbox 875 2777 1138 2826; x_wconf 87' lang='lat' dir='ltr'>terrigenas,</span> <span class='ocrx_word' id='word_1_286' title='bbox 1172 2787 1320 2816; x_wconf 90' lang='lat' dir='ltr'>rerum</span> <span class='ocrx_word' id='word_1_287' title='bbox 1355 2788 1571 2817; x_wconf 90' lang='lat' dir='ltr'>novarum</span> <span class='ocrx_word' id='word_1_288' title='bbox 1604 2790 1776 2828; x_wconf 86' lang='lat' dir='ltr'>semper</span> 
     </span>
     <span class='ocr_line' id='line_1_34' title="bbox 142 2852 1772 2902; baseline 0.002 -14"><span class='ocrx_word' id='word_1_289' title='bbox 142 2853 397 2899; x_wconf 88' lang='lat' dir='ltr'>appetentes</span> <span class='ocrx_word' id='word_1_290' title='bbox 430 2852 603 2891; x_wconf 87' lang='lat' dir='ltr'>habitos</span> <span class='ocrx_word' id='word_1_291' title='bbox 637 2862 746 2891; x_wconf 92' lang='lat' dir='ltr'>esse.</span> <span class='ocrx_word' id='word_1_292' title='bbox 782 2852 898 2900; x_wconf 78' lang='lat' dir='ltr'>Quae</span> <span class='ocrx_word' id='word_1_293' title='bbox 924 2853 1043 2891; x_wconf 89' lang='lat' dir='ltr'>enim</span> <span class='ocrx_word' id='word_1_294' title='bbox 1073 2853 1315 2892; x_wconf 86' lang='lat' dir='ltr'>maioribus</span> <span class='ocrx_word' id='word_1_295' title='bbox 1343 2853 1426 2891; x_wconf 85' lang='lat' dir='ltr'>fuit</span> <span class='ocrx_word' id='word_1_296' title='bbox 1449 2854 1601 2902; x_wconf 87' lang='lat' dir='ltr'>religio</span> <span class='ocrx_word' id='word_1_297' title='bbox 1627 2864 1772 2902; x_wconf 89' lang='lat' dir='ltr'>super-</span> 
     </span>
     <span class='ocr_line' id='line_1_35' title="bbox 141 2925 631 2966; baseline 0.006 -3"><span class='ocrx_word' id='word_1_298' title='bbox 141 2926 264 2964; x_wconf 88' lang='lat' dir='ltr'>stitio</span> <span class='ocrx_word' id='word_1_299' title='bbox 296 2925 345 2965; x_wconf 80' lang='lat' dir='ltr'>fit</span> <span class='ocrx_word' id='word_1_300' title='bbox 376 2927 631 2966; x_wconf 87' lang='lat' dir='ltr'>iunioribus.</span> 
     </span>
    </p>
   </div>
  </div>
 </body>
</html>
