2200 3487
392 321 447 358 90
1084 335 1136 363 DE
1171 336 1314 364 AIACE.

387 442 557 482 turbido
589 445 733 484 solum
766 447 1006 495 aufugisse,
1041 448 1115 486 sed
1148 450 1318 496 praeter
1351 449 1517 487 Tenum
1551 451 1678 498 atque
1711 450 1910 488 Andrum
1944 460 2013 488 na-

391 518 612 565 vigantem
660 521 783 559 iuxta
831 522 969 569 Gyras
1017 523 1249 563 interiisse.
1294 523 1426 562 Cuius
1468 525 1735 563 calamitatis
1778 525 1930 563 nuntio
1963 526 2015 563 ad

391 593 587 632 Achaeos
633 595 799 642 perlato
847 597 935 635 fere
983 608 1137 636 omnes
1180 599 1272 637 cibo
1315 600 1582 638 abstinuisse
1627 601 1764 638 virum
1802 600 2012 638 eximium

389 668 596 707 deflentes
642 680 883 718 manusque
931 673 1165 712 sustulisse
1208 674 1251 711 in
1293 684 1413 712 mare
1458 685 1691 713 conversos
1731 675 2016 722 lugentesque

389 754 488 782 eum
532 744 788 792 appellasse.
833 747 1153 794 Agamemnoni
1185 758 1338 786 omnes
1370 748 1507 787 fuisse
1534 749 1689 798 iratos,
1734 750 1806 796 qui
1838 751 2015 788 tantum

387 829 471 857 non
504 820 689 867 propriis
721 821 924 860 manibus
957 822 1079 861 Aiaci
1112 825 1310 870 parasset
1342 823 1624 871 perniciem.’'

448 896 696 943 Sequuntur
726 898 850 937 haec:

451 971 655 1019 „Aiacem
704 971 978 1024 ε’ναγισμάτων
1026 978 1173 1026 τυχεῖν,
1216 973 1239 1012 ἃ
1284 975 1402 1025 μήπω
1445 973 1648 1026 ἐπηνέχθη
1691 975 1883 1027 πρότερον
1921 974 2014 1025 μήτε

388 1045 467 1096 μὴν
510 1046 674 1099 ’ὕστερον
716 1046 919 1104 ἀνθρώπῳ
963 1050 1058 1101 τινί,
1095 1047 1189 1101 μηδ’
1227 1048 1402 1097 ὁπόσους
1436 1050 1652 1102 ναυμαχίαι
1685 1049 1853 1100 ἀφανεῖς
1886 1049 2011 1101 ἔσχον·

389 1120 426 1167 ἐς
468 1121 540 1173 γὰρ
583 1123 766 1175 Λοκρίδα
808 1131 911 1164 ναῦν
953 1124 977 1176 ἣ
1019 1125 1086 1164 τὸν
1126 1126 1282 1164 Αἴαντα
1315 1120 1409 1177 ’ἦγεν
1443 1126 1541 1173 ξύλα
1573 1126 1783 1177 νήσαντες,
1814 1126 1943 1178 ὥσπερ
1975 1124 2012 1172 ἐς

386 1197 532 1248 πυράν,
578 1196 756 1248 ἔσφαξαν
802 1199 951 1250 μέλανα
999 1201 1128 1239 πάντα
1169 1200 1234 1239 καὶ
1278 1201 1495 1247 στείλαντες
1538 1200 1665 1252 αὐτὴν
1708 1201 1843 1248 ἱστίοις
1875 1199 2014 1251 μέλασι

388 1270 453 1309 καὶ
495 1276 575 1319 τοῖς
617 1272 749 1321 ἄλλοις
792 1274 919 1314 &noca
964 1275 1001 1323 ἐς
1040 1276 1080 1315 τὸ
1114 1279 1227 1315 πλεῖν
1259 1277 1441 1328 εὕρηται,
1473 1277 1656 1328 ξυνεῖχον
1688 1277 1902 1327 πείσμασιν
1933 1275 2016 1315 ἕστε

388 1353 558 1386 πνεῦσαι
606 1349 674 1388 τὸν
721 1349 800 1389 ἀπὸ
843 1357 911 1401 τῆς
954 1357 1025 1404 γῆς
1068 1350 1233 1402 ἄνεμον,
1275 1349 1321 1390 ὃν
1363 1350 1452 1404 περὶ
1496 1350 1647 1403 ὄρθρον
1688 1348 1843 1402 μάλισθ’
1879 1349 2013 1402 ἡἼδη

390 1421 628 1463 ἀποστέλλει.
676 1424 758 1464 ἐπεὶ
807 1423 840 1464 δ’
888 1424 1013 1479 ἡμέρα
1058 1428 1283 1477 διεφαίνετο
1326 1426 1391 1466 καὶ
1428 1427 1563 1482 κατῄει
1599 1427 1640 1466 τὸ
1673 1433 1830 1477 πνεῦμα
1861 1432 1943 1478 πῦρ
1976 1425 2013 1474 ἐς

391 1499 529 1550 κοίλην
577 1499 647 1550 τὴν
695 1507 797 1539 ναῦν
831 1500 989 1552 ἐνῆκαν.
1031 1502 1137 1542 ἔπλει
1179 1518 1217 1542 τε
1260 1502 1309 1553 δὴ
1352 1503 1637 1555 μετεωρίζουσα
1682 1502 1718 1549 ἐς
1750 1502 1792 1541 τὸ
1824 1501 2012 1555 πέλαγος,

392 1574 457 1613 καὶ
515 1574 626 1615 οὔπω
683 1573 798 1626 ἡλίου
857 1576 1087 1629 ἀνίσχοντος
1141 1578 1242 1629 αὐτή
1292 1593 1328 1618 τε
1375 1577 1625 1630 κατεφλέχθη
1672 1578 1738 1618 καὶ
1785 1577 1912 1618 ὁπόσα
1959 1585 2009 1632 τῷ

394 1650 534 1689 Αἴαντι
575 1650 755 1703 ἕφερεν.”

449 1727 609 1766 Eadem
642 1728 730 1768 fere
764 1731 1000 1768 narrantur
1035 1730 1147 1778 apud
1180 1730 1387 1769 Tzetzam
1422 1731 1473 1769 ad
1507 1731 1718 1779 Lycophr.
1753 1731 1877 1770 Alex.
1907 1731 2011 1779 365,

385 1805 544 1843 additis
575 1805 716 1843 verbis
745 1805 1003 1852 quibusdam
1032 1808 1281 1844 memoratu
1300 1806 1534 1855 perdignis.
1565 1807 1742 1845 Aiacem
1772 1807 1888 1845 enini
1914 1808 2013 1854 post

388 1880 535 1918 dolum
583 1880 634 1918 ab
677 1880 1008 1928 Agamemnone
1052 1882 1094 1920 et
1136 1881 1265 1920 Ulixe
1307 1882 1388 1920 sibi
1421 1883 1658 1930 structum,
1694 1892 1792 1920 oum
1825 1882 1868 1919 in
1901 1882 2012 1920 mari

385 1954 626 1994 interiisset
657 1955 734 1994 tali
767 1956 895 1994 modo
929 1966 953 1994 a
985 1957 1274 1995 Locrensibus
1308 1967 1404 1995 esse
1436 1957 1684 2005 placatum:
1722 1960 1938 2006 ,μαθοῦσα
1972 1954 2014 1994 δὲ

392 2027 414 2079 ἡ
450 2029 599 2081 Λοκρὶς
627 2030 760 2067 ἅπασα
787 2029 828 2068 τὸ
857 2030 1015 2080 συμβὰν
1044 2030 1106 2069 ἐπὶ
1134 2031 1278 2083 χρόνον
1308 2031 1400 2069 ὅλον
1428 2034 1766 2082 μελανηφοροῦσα
1794 2031 1861 2069 τὸν
1890 2030 2017 2082 ἄνδρα

391 2104 589 2156 ἐπένθησε
636 2104 701 2144 καὶ
748 2105 908 2156 ε’τησίως
958 2105 1107 2145 ὁλκάδα
1148 2110 1359 2159 πληροῦσα
1404 2111 1560 2146 θυσιῶν
1602 2110 1912 2159 μεγαλοπρεπῶν
1950 2106 2016 2145 καὶ

389 2185 468 2231 πῦρ
512 2178 763 2231 ἐμβάλλουσα
803 2187 847 2235 τῇ
882 2179 1038 2232 ὁλκάδι,
1079 2181 1278 2234 ε’ξαρτῶσα
1311 2181 1348 2221 τὲ
1382 2182 1504 2233 μέλαν
1537 2183 1660 2221 ἱστίον
1694 2181 1870 2233 αὐχένων
1903 2181 2017 2234 χωρὶς

389 2254 534 2305 ἔπεμπε
567 2256 666 2307 πρὸς
699 2256 740 2295 τὸ
772 2255 941 2309 πέλαγος
973 2256 1263 2296 κατακαιέοθαι
1296 2259 1447 2297 θυσίαν
1480 2265 1530 2311 τῷ
1564 2257 1704 2309 {joan-'³

452 2331 593 2382 Αὐχήν
635 2334 703 2371 hio
746 2344 820 2381 pro
859 2335 952 2372 toto
986 2334 1280 2382 gubernaculo
1314 2335 1593 2383 accipiendus
1627 2334 1798 2372 videtur
1832 2333 1899 2378 (cf.
1933 2333 2021 2371 Pol-

390 2408 471 2446 luc.
507 2398 612 2457 190,
646 2409 715 2447 ubi
745 2414 915 2457 partem
939 2410 1068 2449 modo
1095 2411 1286 2455 indicat).
1317 2411 1594 2458 Navigabant
1621 2412 1768 2458 itaque
1786 2411 1866 2448 hae
1886 2418 2022 2448 naves

390 2485 438 2521 ut
471 2483 716 2522 Phaeacum
751 2484 868 2534 illae,
904 2485 1060 2532 quibus
1094 2496 1179 2524 non

1158 2561 1451 2612 κυβερνητῆρες
1484 2560 1569 2598 ἔασι

627 2632 721 2671 οὐδέ
753 2649 786 2671 τι
818 2631 973 2684 πηδάλι’
1012 2634 1109 2685 ἔστι,
1140 2635 1185 2673 τά
1218 2632 1244 2673 τ’
1280 2633 1393 2673 ἄλλαι
1426 2641 1517 2685 νῆες
1550 2635 1692 2686 ἔχουσι’

626 2705 702 2746 ἀλλ’
740 2708 857 2747 αὐταὶ
889 2709 1028 2747 Ὲίσασι
1061 2710 1243 2760 νοήματα
1276 2709 1341 2748 καὶ
1374 2709 1525 2762 φρένας
1557 2709 1717 2762 ἀνδρῶν

626 2782 691 2821 καὶ
725 2784 885 2822 πάντων
917 2784 1054 2822 fleam
1088 2785 1199 2831 πόλις
1233 2784 1298 2823 καὶ
1332 2785 1475 2832 πίονας
1508 2784 1655 2837 ἀγροὺς

628 2857 870 2909 ἀνθρώπων,
897 2858 961 2897 καὶ
992 2863 1133 2910 λαῖτμα
1160 2857 1308 2911 τάχισθ’
1339 2858 1430 2906 ἁλὸς
1457 2859 1694 2910 ἕκπεράουσι
1731 2863 1775 2905 (θ
1793 2862 1875 2899 557
1896 2864 2018 2908 sqq.)-

448 2936 730 2975 Loorensium
779 2938 928 2974 autem
977 2937 1205 2984 navigium
1253 2946 1340 2975 non
1383 2937 1527 2984 ipsum
1571 2936 1689 2974 viam
1719 2935 1904 2984 sciebat,
1946 2936 2020 2974 sed

390 3012 533 3049 ventis
567 3012 830 3061 tradebatur,
867 3014 912 3050 ut
942 3023 1023 3059 quo
1051 3013 1236 3051 numina
1262 3013 1431 3051 marina
1459 3012 1623 3050 vellent
1641 3022 1818 3050 cursum
1837 3013 2018 3050 teneret·
