2141 3487
675 314 728 341 DE
760 313 1048 342 EUGAMMONIS
1081 313 1338 342 TELEGONIA.
1735 307 1820 344 213

194 438 219 466 a
261 428 338 467 deo
370 428 573 467 immissa
604 428 855 476 adhibetur;
891 428 943 467 cf.
977 439 1016 477 p.
1051 428 1132 466 211
1170 438 1268 467 ann.
1305 429 1343 468 2.
1377 429 1436 467 At
1469 429 1598 468 verba
1630 428 1668 476 ἐξ
1699 427 1824 476 ἁλόςῗ)

251 503 416 551 Negare
444 504 591 543 nullus
618 505 764 553 potest
791 503 940 543 verba:
976 503 1178 553 ηθάνατος
1206 502 1244 550 ἐξ
1273 501 1364 550 ἁλὸς
1387 502 1582 555 ἀβληχρός
1600 503 1824 544 ἐλεύσεται”

191 579 438 627 significare
481 590 566 619 non
609 590 761 628 posse:
809 590 957 628 „mors
993 581 1117 619 mitis
1149 591 1170 619 e
1204 581 1314 619 mari
1349 581 1540 620 veniet.'’
1572 581 1683 620 Nam
1717 591 1825 628 quae

194 656 262 694 est
298 665 416 694 mors
448 655 542 705 illa,
576 666 684 704 quae
717 666 738 695 e
772 655 977 695 fluctibus
1009 656 1200 704 aliquem
1233 656 1385 705 arripit
1417 658 1462 695 et
1492 658 1642 695 tamen
1676 657 1828 695 suavis

194 731 352 771 audit?
386 731 498 770 Num
531 732 641 771 forte
672 733 709 771 Si
742 737 857 782 κῆτος
890 730 1077 786 ἐπισσεύῃ
1110 730 1208 783 μέγα
1242 731 1395 782 δαίμων
1428 730 1466 778 ἐξ
1499 729 1592 778 ἁλός
1625 735 1666 777 (ε.
1695 733 1828 778 422)?

193 807 307 846 Num
335 809 371 846 si
399 808 496 856 quis
523 809 647 847 aestu
675 809 914 857 mergitur;
942 809 977 847 si
1007 808 1174 857 piratae
1201 810 1245 847 te
1274 808 1516 856 trucidant;
1547 808 1583 847 si
1606 809 1698 857 ipse
1715 807 1831 848 filius

193 893 215 922 e
243 885 355 922 mari
385 884 566 922 veniens
592 885 757 923 inscius
785 886 828 923 te
854 884 1066 933 perimit?
1093 884 1228 923 Estne
1245 883 1423 931 θάνατος
1441 882 1670 935 ἀβληχρόςῖ
1687 885 1832 924 Immo

192 960 336 998 omnis
362 970 482 999 mors
510 971 531 998 e
560 960 671 998 mari
699 960 942 999 vehemens
968 961 1049 1000 est.
1077 960 1184 1009 Quid
1210 960 1375 1008 igitur?
1402 960 1654 1009 Perperam,
1686 961 1829 1009 credo,

195 1035 326 1074 verba
367 1033 405 1082 ἐξ
443 1033 536 1081 ἁλός
568 1046 667 1074 cum
700 1034 898 1074 ἐλεύσεται
930 1037 1136 1085 coniungi
1168 1036 1324 1076 solent.
1358 1036 1518 1075 Veram
1553 1037 1669 1076 viam
1702 1038 1831 1086 poeta

191 1112 355 1151 indicat
397 1113 622 1150 structura
662 1126 721 1150 τοι
753 1110 791 1159 ἐξ
824 1110 916 1158 ἁλὸς
950 1111 1075 1166 αὐτῷ,
1110 1112 1183 1151 ubi
1215 1111 1252 1159 ἐξ
1285 1110 1378 1158 ἁλὸς
1411 1113 1523 1152 inter
1554 1127 1613 1151 τοι
1646 1114 1690 1152 et
1721 1111 1827 1167 αὐτῷ

191 1187 332 1236 posita
358 1189 474 1226 sunt.
504 1187 611 1236 Quid
639 1188 723 1226 sibi
751 1188 846 1227 vult
872 1188 979 1227 illud
1006 1187 1144 1242 αὐτῷῖ)
1173 1188 1429 1237 Oppositum
1458 1191 1525 1227 est
1550 1191 1630 1234 τοῖς
1648 1187 1828 1240 ἑταίροις.

193 1263 274 1302 His
306 1273 425 1302 mors
459 1264 578 1302 venit
610 1263 653 1303 in
685 1263 843 1303 itinere
875 1263 1100 1303 maritimo
1133 1274 1233 1303 cum
1266 1265 1432 1314 essent,
1466 1265 1587 1304 heroi
1619 1265 1701 1314 ipsi
1728 1275 1828 1304 cum

194 1341 321 1379 extra
351 1350 473 1378 mare
506 1340 565 1378 sit
595 1340 813 1379 obveniet.
846 1339 980 1378 Arete
1011 1340 1145 1388 igitur
1178 1340 1503 1389 coniungantur
1535 1340 1668 1380 verba
1699 1355 1758 1379 τοι
1791 1339 1829 1387 ἐξ

196 1412 288 1461 ἁλὸς
320 1413 445 1469 αὐτῷ,
480 1415 583 1454 licet
614 1415 726 1454 forte
760 1415 908 1454 durius
941 1415 1156 1454 videatur.

254 1490 361 1540 Quid
388 1491 506 1530 enim
534 1491 820 1530 verisimilius
846 1501 977 1538 quam
1005 1491 1219 1530 Tiresiam
1249 1491 1460 1530 voluisse:
1493 1492 1556 1541 „si
1578 1492 1827 1541 Neptunum

194 1569 450 1616 perpetuum
483 1567 786 1606 adversarium
813 1565 1039 1605 sacrificiis
1065 1567 1270 1616 placaris,
1298 1567 1464 1606 nullum
1492 1579 1510 1606 e
1535 1569 1649 1606 mari
1669 1569 1827 1617 pericu-

194 1643 283 1682 lum
323 1642 402 1681 tibi
443 1644 597 1691 postea
637 1643 720 1681 erit
759 1643 1064 1681 timendum?''
1099 1642 1173 1681 Sin
1206 1653 1307 1682 vero
1339 1643 1636 1692 intellegimus
1667 1655 1686 1682 e
1716 1645 1830 1683 mari

197 1719 317 1759 Ulixi
343 1721 533 1759 mortem
560 1729 657 1758 esse
675 1720 925 1768 venturam,
945 1718 1085 1767 primo
1104 1719 1308 1767 syntaxis
1325 1719 1571 1770 offenditur,
1591 1730 1689 1759 cum
1707 1721 1829 1761 locus

197 1795 291 1844 ipse
323 1795 635 1834 vocabulorum
670 1793 708 1841 ἐξ
740 1792 832 1841 ἁλός
865 1795 1108 1844 positorum
1141 1796 1257 1835 inter
1287 1810 1345 1834 τοι
1379 1798 1421 1835 et
1452 1796 1557 1848 αὐτῷ
1590 1797 1752 1836 indicet
1779 1807 1830 1836 ea

197 1880 282 1909 non
324 1880 424 1910 cum
465 1871 596 1911 verbo
639 1869 835 1911 ἐλεύσεται
875 1872 951 1911 sed
995 1882 1094 1911 cum
1136 1887 1194 1911 τοι
1232 1871 1338 1927 αὐτῷ
1372 1883 1470 1913 esse
1502 1873 1827 1922 coniungenda;

197 1945 350 1985 deinde
382 1946 572 1986 Homero
606 1947 850 1986 obtruditur
882 1948 1012 1987 dictio
1043 1949 1242 1997 pythica,
1277 1959 1387 1997 quae
1419 1959 1601 1998 prorsus
1628 1960 1653 1987 a
1680 1949 1829 1998 lingua

195 2022 290 2061 eius
320 2023 471 2061 nativa
502 2024 569 2062 est
600 2023 761 2073 aliena,
796 2034 900 2062 nam
931 2034 1007 2062 cur
1038 2034 1123 2063 non
1156 2025 1414 2075 addidisset,
1448 2025 1549 2073 quid
1581 2025 1688 2063 illud
1720 2026 1826 2074 peri-

200 2097 348 2136 culum
388 2098 525 2146 foret;
566 2099 696 2138 tertio
736 2109 895 2148 parum
938 2101 1036 2148 apte
1076 2099 1196 2138 Ulixi
1236 2101 1512 2149 promittitur
1553 2101 1654 2139 lenis
1694 2111 1828 2148 mor83

200 2175 355 2221 quarto
400 2174 727 2223 ineptissimum
773 2174 822 2214 fit
864 2175 1126 2215 sacrificium
1168 2177 1368 2225 Neptuno
1411 2177 1623 2218 oblatum.
1665 2177 1826 2226 Immo,

199 2259 379 2298 prorsus
434 2252 581 2289 mente
634 2252 787 2299 captus
833 2251 991 2290 fuisset
1037 2252 1215 2301 sapiens
1262 2252 1470 2302 Tiresias,
1520 2253 1558 2291 si
1604 2253 1666 2291 ita
1713 2254 1829 2292 esset

200 2325 394 2365 locutus:
441 2327 505 2375 „si
545 2327 725 2366 tandem
757 2327 990 2376 aliquando
1021 2329 1158 2367 maris
1190 2328 1382 2377 pericula
1415 2328 1635 2378 effugeris,
1669 2329 1832 2368 iterum

201 2401 280 2440 tibi
307 2402 390 2440 erit
417 2403 681 2452 vagandum,
713 2403 848 2442 donec
875 2404 920 2442 in
946 2404 1091 2443 locum
1118 2404 1191 2443 ubi
1223 2405 1450 2454 Neptunus
1481 2405 1734 2444 hominibus
1766 2407 1834 2444 est

201 2479 396 2528 ignotus,
440 2478 607 2517 cultum
649 2479 744 2518 eius
774 2480 1085 2519 introduxeris.
1120 2480 1238 2529 Quod
1271 2481 1309 2519 si
1340 2481 1495 2520 feceris
1527 2482 1571 2519 et
1603 2490 1726 2520 sacra
1758 2481 1836 2519 deo

204 2555 413 2605 placando
455 2555 610 2593 idonea
654 2555 693 2593 ei
735 2554 943 2594 obtuleris
986 2586 995 2595 .
1016 2586 1024 2596 .
1045 2586 1053 2595 .
1075 2586 1084 2595 .
1128 2556 1319 2595 nefanda
1359 2567 1478 2595 mors
1511 2566 1565 2595 ex
1597 2557 1691 2605 ipso
1724 2557 1838 2595 mari

205 2631 285 2670 tibi
317 2631 401 2669 erit
433 2631 773 2680 exspectanda.”

263 2706 572 2746 Certissimum
612 2706 744 2754 igitur
781 2706 918 2745 habeo
951 2707 1195 2746 Homerum
1228 2708 1279 2746 de
1312 2709 1455 2747 morte
1489 2708 1684 2747 violenta
1715 2707 1837 2746 Ulixi

206 2793 231 2822 a
276 2781 364 2821 filio
411 2782 551 2831 illata,
596 2783 757 2821 nedum
805 2782 856 2821 de
896 2782 1016 2821 radio
1058 2783 1175 2822 raiae
1217 2784 1485 2833 pastinacae,
1531 2783 1707 2821 omnino
1751 2793 1837 2821 non

204 2858 434 2906 cogitasse.
478 2858 598 2897 Tunc
641 2858 818 2897 demum
850 2857 1149 2906 intellegimus
1181 2859 1379 2906 quietum
1413 2868 1677 2907 responsum
1709 2858 1838 2896 Pene-

206 2933 325 2982 lopes
366 2942 399 2982 ψ
432 2935 536 2983 285,
583 2944 690 2981 quae
733 2935 966 2982 postquam
1009 2933 1162 2972 Ulixes
1206 2934 1396 2973 Tiresiae
1430 2934 1546 2972 dicta
1578 2934 1616 2972 ei
1649 2932 1836 2982 rettulit,

205 3009 402 3048 suaviter
433 3010 659 3049 observat:
