2141 3487
819 312 872 339 DE
904 312 1103 340 CARNEus.
1694 306 1774 342 159

149 426 397 474 Messapum
440 426 547 463 item
590 425 773 464 boeotum
817 426 869 464 ab
909 436 958 464 eo
992 426 1033 463 in
1063 436 1224 464 novam
1260 437 1412 474 regum
1449 427 1606 465 seriem
1644 429 1780 467 fuisse

146 501 383 548 insertum,
417 500 593 539 Adrasti
629 501 797 540 cultum
832 502 1009 549 tyranni
1043 492 1167 540 iussu
1202 501 1332 540 boeoto
1369 502 1559 549 Dionyso
1595 504 1780 542 cessisse

144 576 257 624 loco,
307 575 349 614 τὸ
392 576 640 624 βοιωτιάζειν
683 578 817 625 igitur
859 578 1001 625 magis
1045 587 1178 625 quam
1219 575 1260 614 τὸ
1302 577 1533 622 λακωνίζειν
1567 577 1780 617 Clistheni

145 652 281 691 fuisse
329 652 467 700 cordi,
518 653 555 690 is
596 653 722 692 facile
765 653 1059 701 suspicabitur
1101 652 1269 691 Carnea
1311 653 1553 700 antiquitus
1594 664 1648 691 ex
1685 655 1778 702 ipsa

145 727 325 766 Boeotia
365 728 409 766 in
454 727 704 776 Sicyoniam
737 729 805 767 vel
839 729 985 777 potius
1018 729 1059 766 in
1093 730 1234 767 totam
1269 728 1617 776 Peloponnesum
1653 730 1781 778 irrep-

142 803 270 842 sisse.
322 803 457 852 Quam
507 805 800 853 suspicionem
852 805 938 843 alia
985 815 1091 843 mox
1140 804 1460 844 confirmabunt
1501 809 1777 853 argumenta.

143 879 266 918 Nunc
323 880 374 918 ad
434 882 707 929 propositum
766 881 999 919 redeamus
1043 882 1173 928 atque
1221 881 1330 919 alios
1380 881 1451 919 ubi
1499 881 1551 919 de
1599 881 1778 920 Carneis

144 956 288 1004 agitur
344 956 632 1004 inspiciamus
689 956 829 1004 locoS,
880 958 928 994 ut
976 956 1138 995 certius
1186 955 1354 994 definiri
1403 957 1574 1004 possint
1621 957 1775 995 horum

143 1030 344 1070 ludorum
377 1030 500 1070 fines

199 1181 448 1221 Herodotus
481 1184 632 1220 narrat
668 1179 690 1227 ¹)
726 1183 957 1231 Spartanis
1000 1184 1235 1231 quominus
1275 1183 1622 1222 Atheniensibus
1666 1183 1777 1231 apud

143 1257 445 1297 Marathonem
477 1259 739 1306 pugnaturis
771 1258 936 1297 auxilio
971 1260 1172 1297 venirent
1204 1259 1433 1298 obstitisse
1466 1258 1534 1297 τὸν
1562 1259 1698 1308 νόμον.
1727 1253 1778 1308 ἦν

142 1331 216 1384 γὰρ
265 1332 480 1382 ἱσταμένου
528 1339 598 1371 τοῦ
642 1333 767 1383 μηνὸς
810 1333 958 1384 εἰνάτη,
1000 1334 1134 1388 εἰνάτῃ
1178 1332 1220 1372 δὲ
1262 1334 1337 1373 οὐκ
1371 1333 1648 1382 ἐξελεύσεσθαι
1680 1334 1776 1383 ἔφα-

141 1419 217 1447 σαν
249 1408 302 1459 μὴ
335 1409 382 1448 οὐ
416 1408 586 1459 πλήρεος
618 1409 752 1455 ἐόντος
785 1415 855 1448 τοῦ
887 1410 1051 1448 κύκλου.
1080 1405 1203 1458 οὗτοι,
1236 1412 1378 1459 pergit
1405 1413 1570 1458 auctor,
1601 1409 1672 1458 μέν
1700 1424 1776 1448 νυν

141 1484 214 1535 τὴν
246 1484 501 1536 πανσέληνον
528 1485 680 1535 ἔμενον.
717 1487 807 1536 Quo
840 1488 934 1526 loco
968 1488 1292 1526 Herwerdenus
1323 1483 1351 1531 2)
1396 1487 1534 1526 deleto
1568 1486 1776 1525 vocabulo

142 1561 278 1616 εἰνάτῃ
309 1563 543 1610 legendum
576 1565 747 1602 censet:
787 1557 837 1613 ἦν
869 1563 942 1614 γὰρ
977 1562 1191 1612 ἱσταμένου
1225 1569 1295 1601 τοῦ
1328 1563 1453 1613 μηνὸς
1486 1562 1634 1611 εἰνάτη,
1667 1562 1707 1600 οἱ
1736 1559 1777 1599 δὲ

141 1636 216 1676 οὐκ
263 1653 296 1676 κ.
315 1653 344 1676 τ.
363 1641 413 1686 λ.,
460 1639 542 1677 hoc
599 1641 861 1688 argumento
919 1649 1026 1677 usus
1075 1640 1187 1686 quod
1237 1639 1478 1687 plenilunia
1527 1640 1784 1686 exspectare

141 1714 309 1752 mensis
351 1714 418 1752 die
462 1723 598 1762 nono,
644 1714 728 1752 nisi
773 1714 1038 1752 miraculum
1071 1713 1171 1762 fiat,
1208 1719 1277 1751 τοῦ
1310 1712 1469 1758 ἑκόντος
1504 1712 1783 1762 ἠλιθιάζοντος

138 1789 210 1828 sit.
259 1789 365 1828 Eam
414 1791 564 1828 autem
612 1789 752 1838 ipsam
797 1790 848 1828 ob
892 1800 1073 1828 causam
1122 1792 1297 1828 textum
1342 1790 1557 1828 traditum
1601 1799 1781 1828 servare

141 1865 270 1903 velim
302 1865 522 1914 equidem,
557 1875 690 1913 quare
719 1866 829 1903 hanc
858 1865 1200 1913 explicationem
1228 1875 1444 1913 propono:
1474 1865 1778 1913 Phidippides,

137 1941 210 1988 qui
257 1940 482 1989 §anteo-‹Zog
536 1939 577 1978 ἐκ
626 1946 694 1978 τοῦ
749 1940 970 1990 Ἀθηναίων
1018 1938 1155 1985 ἄστεος
1207 1943 1386 1978 venerat
1429 1941 1655 1988 Spartam,
1706 1940 1777 1988 qui

140 2017 430 2065 magistratus
473 2017 640 2055 adierat
682 2017 937 2065 confestim,
983 2016 1199 2055 citissime
1235 2038 1286 2043 -—
1321 2017 1358 2054 si
1391 2015 1483 2054 fieri
1517 2018 1667 2064 posset
1699 2016 1781 2054 hoc

141 2092 236 2140 ipso
263 2092 330 2130 die
363 2114 414 2118 —
442 2094 490 2130 ut
523 2092 804 2131 mitterentur
832 2091 998 2130 auxilia
1023 2092 1152 2130 enixe
1170 2091 1358 2140 petebat.
1379 2091 1617 2139 Spartanos
1637 2094 1782 2129 autem

142 2167 388 2207 callidiores
434 2178 567 2216 quam
615 2168 844 2207 calidiores
886 2167 1164 2216 respondisse
1210 2168 1336 2206 credo
1380 2167 1449 2204 his
1491 2167 1580 2205 fere
1614 2167 1781 2205 verbis:

144 2245 218 2292 „at
264 2245 431 2293 optime
471 2244 576 2296 scis,
619 2254 642 2282 o
676 2243 804 2291 bone,
846 2253 943 2282 esse
988 2243 1114 2281 hodie
1159 2243 1275 2281 diem
1315 2243 1389 2280 vix
1421 2252 1582 2280 nonum
1614 2243 1781 2281 mensis

139 2319 411 2368 incipientis,
455 2319 596 2357 statim
639 2319 773 2366 igitur
817 2319 964 2367 copias
1008 2321 1056 2356 ut
1089 2319 1327 2356 educamus
1360 2317 1478 2356 nullo
1510 2316 1604 2356 fieri
1635 2320 1783 2366 potest

143 2395 293 2443 modo,
343 2396 429 2434 nisi
477 2399 591 2440 (cum
634 2395 721 2433 leni
765 2395 870 2439 risu)
914 2394 1174 2433 miraculum
1220 2393 1313 2442 fiat,
1349 2394 1513 2440 deaque
1547 2395 1633 2431 iam
1667 2404 1781 2432 nono

142 2471 310 2510 mensis
358 2471 425 2509 die
473 2470 622 2509 orbem
670 2480 799 2508 suum
850 2470 1083 2518 compleat.
1134 2470 1206 2508 Sin
1250 2470 1417 2517 minus,
1462 2471 1510 2507 ut
1551 2469 1780 2517 plenilunii

140 2548 317 2594 tempus
364 2546 633 2585 ordinarium
682 2547 967 2594 expectemus
1010 2545 1160 2583 iubent
1203 2545 1354 2592 religio
1397 2546 1439 2583 et
1471 2544 1586 2583 lex.''
1629 2545 1779 2582 Nonne

141 2622 205 2660 sic
247 2623 412 2670 optime
449 2621 534 2660 sibi
565 2623 844 2669 opponuntur
878 2621 1093 2659 exardens
1126 2621 1319 2668 impetus
1351 2620 1494 2658 nuntii
1531 2620 1783 2658 festinantis

142 2707 192 2735 ac
223 2698 671 2736 Lacedaemoniorum
706 2697 974 2735 tardantium
1009 2696 1297 2743 frigidissima
1330 2696 1623 2741 continentia;
1661 2695 1780 2733 illius

144 2772 313 2820 patriae
340 2783 446 2811 suae
475 2782 598 2811 amor
626 2782 885 2819 generosus,
912 2772 1068 2809 horum
1089 2772 1283 2809 civitatis
1301 2771 1519 2808 laconicae
1539 2771 1782 2808 commodis

190 2958 213 2996 ¹>
239 2961 296 2999 VI,
324 2962 398 2996 106,
426 2963 477 2991 10.

187 3018 215 3059 ²)
241 3023 323 3051 Anu.
349 3022 392 3051 ad
417 3022 525 3051 Thuc.
553 3020 590 3058 V,
616 3022 656 3051 75
679 3020 714 3050 in
740 3020 792 3050 ed.
820 3021 929 3049 Hei-w.
