2200 3487
448 320 531 358 208
928 329 980 356 DE
1013 328 1299 357 EUGAMMONIS
1329 329 1584 358 TELEGONIA.

446 446 486 490 (i.
522 457 556 483 e.
591 443 834 481 Pirithoum
878 452 975 480 Cum
1010 442 1190 487 Theseo)
1233 441 1280 481 οὐ
1313 448 1541 493 μνηστῆρας
1574 442 1698 492 ἥκειν,
1729 437 1807 479 ἀλλ’
1844 440 2068 492 ἁρπασομέ-

446 537 543 567 νους
575 518 887 567 πυνθανόμενος
930 517 1140 568 συνέλαβε,
1176 517 1240 556 καὶ
1273 517 1340 556 τὸν
1373 516 1443 568 μὲν
1478 518 1703 568 Πειρίθουν
1737 517 1862 563 εὐθὺς
1894 515 2067 567 ἠφάνισε

446 596 511 635 διὰ
542 601 611 634 τοῦ
639 594 777 644 κυνὸς,
807 593 874 632 τὸν
908 591 950 632 δὲ
981 592 1111 643 Θησέα
1138 594 1351 645 καθείρξας
1380 593 1636 643 ἐφύλαττεν”.
1655 605 1689 633 C.
1710 595 1788 633 35:
1811 591 2066 645 ”ὁ“Ηρακλῆς

444 672 511 711 τὸν
548 669 678 721 Θησέα
710 673 935 724 παρῃτεῖτο.
963 671 1292 722 συγχωρήσαντος
1320 669 1362 709 δὲ
1389 677 1459 709 τοῦ
1489 671 1701 717 Ἀιδωνέως
1718 668 1854 716 λυθεὶς
1872 668 1892 708 ὃ
1913 668 2066 720 Θησεὺς

446 747 648 796 ἐπανῆλθε
681 746 734 791 εἰς
766 745 834 791 τὰς
869 745 1079 794 Ἀθήνας”.

503 823 610 872 Quid
643 822 753 869 quod
787 822 878 870 ipse
912 822 1129 859 Homerus
1162 832 1277 860 nuno
1316 821 1368 860 ad
1401 823 1546 870 partes
1579 822 1724 860 vocari
1755 823 1921 869 potest3
1955 821 2065 868 apud

446 909 574 946 quem
608 908 629 935 σ
662 898 717 936 79
751 907 841 945 sqq.
875 897 1086 936 Aetinous
1118 897 1186 934 Iro
1220 897 1470 935 minitatur:

622 971 766 1022 πέμψω
800 968 834 1009 σ’
872 969 1158 1021 ἤπειρόνδε
1191 969 1325 1021 βαλὼν
1357 970 1398 1009 ἐν
1428 970 1493 1021 νηὶ
1525 971 1691 1025 μελαίνῃ

623 1046 906 1097 εἰς’Έχετον
938 1047 1178 1097 βασιλῆα,
1209 1047 1411 1098 βροτῶν
1446 1047 1720 1097 δηλήμονα
1752 1046 1973 1095 πάντων,

624 1122 665 1169 ὅς
696 1119 727 1160 κ’
763 1121 842 1160 ἀπὸ
875 1121 965 1174 ῥῖνα
997 1122 1140 1177 τάμῃσι
1173 1121 1238 1160 καὶ
1270 1121 1394 1161 οὔατα
1427 1121 1537 1173 νηλέι
1568 1126 1695 1176 χαλκῷ

623 1198 750 1248 μήδεά
782 1195 806 1236 τ’
844 1196 1063 1247 ἐκὲερύσας
1096 1198 1178 1253 δώῃ
1212 1197 1364 1236 κυσὶν
1398 1196 1483 1248 ὠμὰ
1516 1198 1741 1244 δάσασθαι,

443 1286 551 1323 quos
602 1285 750 1312 versus
797 1275 833 1312 si
877 1274 1140 1312 conferimus
1183 1285 1281 1312 eum
1321 1275 1347 1312 l.
1375 1275 1401 1312 1.
1435 1275 1672 1320 Plutarchi,
1709 1275 1888 1322 apparet
1919 1283 2066 1321 regem

442 1353 567 1390 illum
601 1350 797 1388 Echetum
840 1353 909 1395 (=
928 1350 1000 1397 qui
1033 1352 1180 1388 servat
1223 1361 1301 1389 neo
1334 1352 1552 1396 remittit),
1589 1351 1812 1388 viventem
1845 1350 1888 1387 in
1920 1349 2065 1398 Epiro,

445 1428 705 1477 perditorem
744 1427 934 1465 omnium
966 1427 1202 1474 hommum,
1237 1427 1309 1474 qui
1342 1427 1550 1465 mortales
1582 1427 1680 1465 cani
1710 1426 1841 1465 obicit
1871 1423 2069 1473 (ἀφανίζει

445 1502 510 1541 διὰ
541 1508 609 1541 τοῦ
641 1501 792 1550 κυνός),
827 1502 996 1540 nullum
1031 1502 1166 1540 alium
1200 1498 1335 1541 fuisse
1367 1512 1497 1549 quam
1534 1500 1725 1539 Ἀϊδωνέα.

504 1578 706 1627 Quinimo
754 1577 934 1615 nomina
976 1587 1145 1624 quoque
1185 1577 1419 1615 fluminum
1458 1577 1694 1615 inferorum
1729 1577 1896 1625 antiqui
1928 1578 2064 1615 trans-

444 1655 640 1694 tulerunt
667 1654 710 1691 in
744 1653 1049 1700 Thesprotiam
1093 1655 1207 1691 teste
1247 1653 1466 1690 Pausania
1507 1653 1538 1700 I,
1578 1654 1642 1701 17,
1679 1654 1725 1691 5:
1775 1651 1898 1702 „afflig
1942 1649 1984 1689 δὲ
2020 1658 2066 1706 τῇ

445 1730 604 1783 Κιχύρῳ
648 1729 848 1776 (Ephyra)
891 1727 1009 1777 λίμνη
1052 1726 1091 1765 τέ
1132 1726 1236 1765 ἐστιν
1283 1728 1503 1778 Ἀχερουσία
1535 1727 1762 1776 καλουμένη
1794 1727 1860 1765 καὶ
1892 1727 2067 1777 ποταμὸς

447 1804 622 1856 Ἀχέρων,
648 1803 711 1855 ῥεῖ
739 1801 781 1841 δὲ
813 1803 879 1840 καὶ
922 1802 1110 1848 Κωκυτὸς
1152 1803 1261 1852 ὕδωρ
1305 1801 1628 1852 ἀτερπέστατον”.
1668 1804 1776 1842 Nam
1811 1813 2065 1852 supervaca-

443 1891 573 1920 neum
623 1880 730 1918 duco
778 1879 1029 1927 ostendere,
1075 1879 1291 1926 quomodo
1331 1879 1528 1927 intellegi
1571 1879 1773 1928 debeant,
1809 1889 1918 1926 quae
1951 1879 2071 1917 addit

444 1957 583 1995 bonus
628 1956 894 2003 periegetes:
947 1952 1138 2003 „⁰'Ofmqug
1180 1953 1218 1992 τε’
1250 1969 1316 2004 μοι
1349 1955 1460 1992 δοκεῖ
1486 1960 1608 1992 ταῦτα
1641 1953 1822 2003 ἑωρακὼς
1856 1953 1893 1999 ἒς
1926 1968 1964 1992 τε
1995 1952 2066 2003 τὴν

443 2030 566 2081 ἄλλην
611 2030 774 2080 ποίησιν
822 2028 1094 2079 ἀποτολμῆσαι
1135 2035 1212 2067 τῶν
1255 2027 1479 2076 ε’ν“Ἀιδου,
1522 2028 1589 2068 καὶ
1621 2029 1670 2080 δὴ
1713 2028 1857 2067 καὶτὰ
1889 2026 2064 2080 ὀνόματα

442 2111 522 2154 τοῖς
553 2109 745 2155 ποταμοῖς
778 2104 856 2144 ἀπὸ
889 2111 966 2143 τῶν
999 2104 1039 2143 ἐν
1077 2105 1321 2155 Θεσπρωτίδι
1355 2104 1548 2143 θέσθαι”.

502 2183 550 2221 In
583 2183 842 2230 Thesprotia
873 2182 1018 2229 igitur,
1052 2183 1080 2220 i.
1106 2192 1142 2220 e.
1176 2182 1221 2225 in
1249 2182 1412 2230 reyione
1443 2182 1694 2229 occidentali,
1739 2182 1824 2220 iam
1860 2182 2065 2229 antiquis-

444 2259 545 2296 simi
593 2258 743 2297 Graeci
791 2257 953 2295 inferos
1002 2258 1336 2304 quaesiverunt;
1380 2258 1475 2295 hinc
1517 2258 1787 2306 intellegamus
1827 2257 2066 2296 Eridanum

445 2344 602 2381 quoque
633 2334 798 2372 factum
831 2343 927 2371 esse
959 2333 1122 2371 flumen
1155 2333 1375 2371 infernum
1401 2330 1449 2379 ¹);
1480 2334 1580 2371 hine
1602 2332 1673 2382 τὴν
1701 2333 1893 2371 Λευκάδα
1920 2334 2065 2384 πέτρην

446 2413 490 2454 (ω
528 2410 594 2454 ll)
641 2419 726 2447 non
768 2408 912 2447 solum
955 2409 1007 2447 ob
1042 2409 1234 2446 nominis
1267 2419 1424 2447 sonum
1460 2409 1512 2447 ab
1547 2409 1739 2456 antiquis
1772 2419 1869 2447 esse
1901 2410 2065 2457 quaesi-

443 2486 536 2522 tam
585 2485 628 2522 in
675 2481 795 2536 πέτρα
837 2486 956 2538 λευκῇ
997 2482 1070 2532 τὴν
1113 2484 1234 2534 χρόαν
1266 2485 1504 2538 προκειμένῃ
1537 2489 1604 2533 τῆς
1633 2484 1844 2530 Λευκάδος
1869 2480 1912 2529 ²).
1947 2484 2066 2534 Quod

445 2559 578 2607 igitur
619 2559 722 2597 fecit
763 2559 980 2598 Sertorius
1024 2559 1104 2597 sub
1146 2558 1278 2597 finem
1310 2561 1371 2598 rei
1403 2559 1602 2608 publicae
1635 2570 1859 2607 romanae,
1895 2571 1993 2598 cum
2026 2559 2068 2598 τὸ

441 2631 631 2673 Ἠλύσιον
677 2634 816 2672 πεδίον
860 2635 1098 2681 quaerebat
1144 2635 1187 2672 in
1236 2635 1347 2672 mari
1395 2635 1651 2673 occidentali
1690 2632 1737 2682 3)‚
1786 2636 1872 2674 iam
1915 2635 2068 2675 multis

446 2710 632 2749 saeculis
660 2712 760 2748 ante
789 2710 1040 2757 cogitabant
1069 2712 1288 2758 auctores,
1319 2711 1391 2757 qui
1410 2711 1602 2758 aliquam
1620 2711 1837 2761 κατάβασιν
1857 2710 2066 2755 εἰςἍιὸου

494 2848 518 2887 ¹)
544 2850 655 2880 schol.
692 2850 808 2887 Eurip.
841 2852 894 2879 Or.
927 2852 1009 2880 981:
1046 2853 1108 2887 „21²3
1143 2851 1196 2880 τὸν
1228 2852 1397 2892 Ἠριὸανὸν
1422 2852 1563 2887 ποταμὸν
1587 2852 1735 2891 κρέμαται
1761 2852 1776 2879 ὁ
1805 2849 1989 2881 Τάνταλοὲἶ
2016 2850 2066 2880 Cf.

450 2911 547 2947 Verg.
573 2911 655 2940 Aen.
680 2910 735 2947 VI,
761 2911 836 2940 659.

492 2968 518 3010 2)
543 2971 654 3000 Strab.
681 2971 720 3010 X,
746 2972 808 3001 452
824 2972 860 3001 A.

494 3028 518 3066 a)
543 3032 632 3060 Plut.
658 3032 744 3061 Sei-t.
774 3034 803 3061 8.
829 3032 908 3061 Sall.
935 3032 974 3061 fr.
1000 3033 1027 3067 1,
1053 3035 1090 3061 (31
1120 3033 1224 3062 Kritz.
