2141 3487
779 320 832 351 DE
863 323 1010 352 AIAGE.
1654 309 1706 349 67

79 440 214 485 iacitur
239 439 440 480 sacerdos
472 437 754 486 Apollonides
781 436 1006 485 perhibere
1039 437 1227 485 poterat,
1264 436 1374 484 quod
1408 435 1458 474 de
1492 445 1550 474 se-
1571 435 1708 483 perhi-

82 518 175 556 buit
206 517 472 556 Hecataeus:
515 523 727 562 proavum
761 523 890 551 suum
924 512 1145 551 decimum
1178 513 1354 550 sextum
1394 511 1530 550 fuisse
1568 510 1710 549 deum.

83 593 223 632 Heros
255 601 357 630 vero
389 589 501 628 unde
534 598 672 638 genus
704 587 921 627 ducebant
951 587 1203 626 sacerdotes
1236 588 1331 625 erat
1363 587 1554 625 Telamo.

141 667 324 707 Condita
356 667 423 705 est
454 665 792 704 Halicarnassus
820 674 845 702 a
862 663 1127 702 TroezeniiS.
1153 662 1312 701 Exstat
1338 664 1534 701 stemma
1560 672 1712 711 regum

81 743 418 783 Troezeniorum
462 741 575 790 apud
616 740 880 779 Pausaniam
921 739 977 784 (ΙΙ
1011 739 1099 787 30),
1135 737 1208 776 ubi
1238 738 1426 786 legimus
1459 740 1557 787 post
1588 748 1713 786 reges

82 821 304 870 mythicos
353 842 405 847 —-
454 818 606 866 quales
653 818 779 856 erant
827 816 955 864 Orus,
1005 815 1239 863 Althepus,
1291 815 1395 854 Saro
1440 837 1492 842 —
1536 815 1712 853 tandem

83 897 257 936 venisse
289 895 555 945 Hyperetem
587 894 630 932 et
661 892 871 932 Antham.
904 891 1149 938 Utrumque
1176 900 1339 929 nomen
1366 890 1409 928 in
1436 890 1713 929 sacerdotum

80 974 318 1013 stemmate
350 971 529 1011 obvium
562 969 624 1008 fit.
659 970 856 1018 Hyperes
882 968 940 1006 ibi
968 967 1218 1006 Telamonis
1243 967 1362 1005 audit
1380 965 1513 1016 filius,
1542 966 1716 1004 Anthas

83 1049 304 1097 Alcyonei.

141 1123 353 1163 Observat
381 1122 621 1162 Pausanias
650 1122 701 1160 de
733 1121 955 1170 Hyperete
988 1122 1032 1160 et
1063 1120 1113 1159 de
1141 1120 1310 1159 Antha:
1347 1119 1537 1169 »τούτους
1557 1116 1599 1157 δὲ
1616 1114 1717 1157 εἶναι

86 1199 339 1245 Ποσειδῶνος
381 1196 447 1237 καὶ
491 1197 701 1248 Ἀλκυόνης
734 1195 945 1242 ’Ἀτλαντος
988 1194 1189 1248 θυγατρὸς
1221 1194 1287 1234 καὶ
1329 1195 1462 1242 πόλεις
1494 1194 1642 1241 αὐτοὺς
1675 1193 1716 1233 ἐν

81 1282 127 1329 τῇ
170 1275 275 1329 χώρα
317 1272 441 1324 φασὶν
465 1270 671 1323 (Υπέρειάν
702 1286 741 1311 τε
772 1270 837 1310 καὶ
862 1270 1056 1310 ’Ἀνθειαν
1090 1270 1249 1310 οἰκίσαι·
1282 1269 1426 1309 Ἀέτιον
1460 1268 1503 1309 δὲ
1534 1269 1602 1309 τὸν
1626 1269 1716 1308 ’Ἀν-

82 1355 141 1389 θα
171 1356 240 1389 τοῦ
271 1348 417 1401 πατρὸς
450 1347 513 1387 καὶ
549 1354 619 1387 τοῦ
651 1347 769 1386 θείου
801 1346 1085 1399 παραλαβόντα
1117 1345 1189 1396 τὴν
1218 1345 1342 1398 ἀρχὴν
1374 1345 1445 1396 τὴν
1477 1344 1612 1397 ἑτέραν
1641 1352 1716 1384 τῶν

82 1426 236 1465 πόλεων
275 1424 580 1464 Ποσειδωνιάδα
613 1421 853 1474 ὄνομάσαι”.

141 1503 271 1541 Deest
319 1502 362 1540 in
396 1501 674 1540 sacerdotum
709 1501 950 1538 stemmate
982 1508 1142 1537 nomen
1177 1498 1294 1537 Aetii
1325 1498 1500 1537 Anthae
1532 1497 1610 1536 filii
1643 1498 1716 1536 sed

83 1577 344 1617 Posidonius
377 1577 514 1615 adest.
548 1576 685 1615 Adest
717 1585 886 1623 quoque
918 1574 1191 1624 Alcyoneus,
1228 1574 1351 1613 cuius
1377 1584 1539 1613 nomen
1567 1573 1715 1622 Alcyo-

83 1664 168 1692 nen
200 1664 225 1692 a
256 1653 477 1691 Pausania
507 1652 802 1691 memoratam
835 1651 879 1689 in
911 1650 1175 1689 memoriam
1208 1651 1388 1689 revocat
1421 1651 1635 1689 nostram.

141 1729 221 1778 Qui
266 1740 369 1768 vero
418 1727 594 1767 saeculo
643 1737 756 1766 nono
796 1727 1014 1766 coloniam
1057 1726 1422 1765 Halicarnassum
1465 1726 1717 1765 duxerunt?

85 1805 174 1843 Viri
216 1803 427 1843 nimirum
470 1803 523 1842 ab
566 1803 691 1842 Aetio
733 1802 908 1842 Anthae
948 1801 1036 1840 filio
1080 1802 1293 1850 originem
1325 1812 1452 1840 suam
1486 1802 1718 1840 ducentes:

88 1878 156 1929 ηέκ
207 1880 424 1931 Τροιξῆνος
472 1876 674 1924 σταλέντες
723 1876 1009 1927 Ἁλικαρνασὸν
1057 1875 1098 1915 ἐν
1146 1883 1191 1931 τῇ
1240 1876 1372 1930 Καρίᾳ
1419 1875 1629 1931 ἀπῴκισαν
1673 1876 1723 1915 οἵ

85 1955 358 2007 γεγονότες
393 1950 464 1992 ἀπ’
502 1953 695 1992 Ἀετίου
727 1951 1040 1992 τοῦ’Ἀνθα”.

144 2031 286 2071 Creati
330 2031 463 2079 igitur
505 2041 526 2069 e
574 2030 786 2078 sanguine
828 2030 945 2078 regio
996 2029 1314 2078 Halicarnassi,
1361 2029 1433 2068 ubi
1475 2029 1719 2068 sacerdotio

84 2107 392 2156 fungebantur,
429 2106 610 2144 nomina
636 2115 716 2144 sua
747 2105 867 2153 regia
899 2107 1146 2144 servarunt.
1181 2104 1425 2143 Pausaniae
1459 2104 1604 2143 verbis
1636 2104 1717 2143 col-

84 2183 188 2221 latis
230 2182 462 2221 credideris
505 2182 585 2220 hos
627 2181 880 2219 sacerdotes
920 2189 995 2228 per
1037 2180 1230 2218 Antham
1273 2181 1430 2219 statim
1464 2191 1488 2219 a
1520 2181 1722 2229 Neptuno

83 2258 268 2306 stirpem
295 2257 493 2304 duxisse;
521 2257 775 2295 invenimus
803 2257 949 2295 autem
978 2256 1022 2294 in
1041 2266 1191 2294 eorum
1210 2256 1323 2295 serie
1340 2257 1453 2295 inter
1471 2256 1722 2304 Neptunum

87 2335 129 2372 et
162 2333 358 2371 Antham
390 2333 474 2371 duo
507 2332 592 2371 alia
624 2332 804 2371 nomina
835 2332 1015 2370 inserta.
1051 2332 1161 2370 Sunt
1187 2332 1436 2380 Alcyoneus
1470 2332 1521 2370 ab
1549 2333 1724 2370 Anthae

88 2411 230 2448 matre
262 2409 516 2447 nominatus
548 2410 592 2446 et
623 2407 814 2456 Telamo,
850 2418 979 2455 quem
1021 2408 1187 2445 frustra
1219 2408 1262 2445 in
1296 2418 1448 2455 regum
1473 2407 1724 2446 Troezenio-

87 2495 185 2523 rum
234 2484 486 2532 quaerimus
533 2483 658 2521 serie.
704 2483 822 2531 Quod
864 2483 962 2530 plus
1005 2483 1088 2531 est,
1133 2493 1188 2521 ne
1226 2483 1378 2521 inilia
1410 2483 1587 2530 quidem
1621 2483 1726 2521 urbe

87 2560 201 2598 unde
232 2559 402 2598 oriundi
435 2560 539 2597 sunt
570 2558 812 2606 Troezenii,
848 2558 1156 2596 Anthedonem
1190 2558 1343 2596 urbem
1376 2559 1582 2597 Boeotiae
1610 2558 1726 2596 volu-

87 2645 206 2683 mus,
255 2634 393 2672 ullum
443 2633 694 2672 Telamonis
735 2633 880 2681 detegi
921 2634 1069 2681 potest
1110 2634 1369 2685 vestigium,
1402 2633 1504 2672 licet
1535 2633 1622 2671 alia
1653 2643 1726 2671 no.

88 2711 209 2748 mina
248 2710 308 2748 ibi
340 2708 522 2760 ἐγχώρια,
567 2711 674 2757 puta
698 2704 868 2757 Ὑριεύς,
903 2709 946 2746 in
980 2709 1257 2747 sacerdotum
1293 2709 1403 2747 serie
1438 2709 1728 2757 reperiantur.

88 2785 212 2823 Unde
240 2785 309 2823 hic
341 2785 521 2823 Telamo
554 2785 598 2822 in
631 2784 711 2822 hoc
743 2786 936 2822 stemma
969 2784 1158 2832 irrepere
1191 2785 1366 2832 potuit?

148 2860 345 2898 Primum
378 2870 603 2909 rogemus,
640 2860 736 2907 quis
769 2859 996 2907 Neptunus
1025 2859 1099 2897 ille
1131 2859 1279 2908 fuerit,
1315 2869 1444 2906 quem
1477 2860 1569 2896 tam
1603 2858 1729 2896 Troe-

88 2935 200 2972 zenii
248 2944 379 2981 quam
428 2934 845 2973 Halicarnassenses
904 2933 1114 2972 coluerint
1160 2933 1549 2980 sacerdotibusque
1596 2933 1729 2980 regiis

89 3019 217 3048 curae
259 3019 356 3048 esse
398 3010 622 3048 iusserint.
655 3008 914 3058 Appellatur
950 3008 994 3046 in
1027 3009 1266 3047 stemmate
1299 3010 1450 3047 nostro
1485 3005 1731 3059 ὁἽσθμιος,
