2200 3487
437 334 491 370 20
502 338 519 370 i
913 350 965 375 DE
1000 348 1111 376 EUGA
1120 347 1285 374 MMONIS
1318 347 1574 374 TELEGONIA.

436 453 440 456 ’
494 458 611 497 Duas
657 460 853 499 diversas
900 461 1070 500 fabulas
1117 461 1185 499 hic
1232 471 1328 498 esse
1373 461 1645 508 coniunctas,
1695 471 1877 508 quarum
1922 460 2059 498 altera

434 533 574 580 ipsam
623 535 972 585 Thesprotidem,
1032 537 1169 574 altera
1215 536 1360 574 Ulixis
1407 538 1594 574 mortem
1644 537 1882 583 contineat,
1930 544 2058 573 nemo

434 608 628 655 negabit;
657 610 854 649 iunctura
887 613 1035 650 autem
1069 611 1261 650 cernitur
1295 614 1397 648 ante
1432 611 1563 649 verba
1596 610 1714 656 αὐτὸς
1748 608 1781 647 ‹3'
1814 610 1866 656 εἰς
1890 607 2058 658 Ἰθάκην

435 689 563 724 aaz.
607 687 731 724 Patet
772 687 1000 733 antiquum
1045 687 1206 725 Musaei
1249 696 1445 734 carmen,
1490 687 1601 733 quod
1644 687 1915 734 Eugammon
1949 695 2060 724 com·

434 760 592 807 pilasse
634 762 701 800 vel
744 763 946 801 imitatus
984 773 1081 800 esse
1114 763 1285 808 dicitur,
1322 762 1508 809 priorem
1542 762 1669 800 modo
1702 762 1894 800 fabulam
1929 761 2060 800 conti-

434 837 600 884 nuisse;
645 838 775 885 hanc,
820 839 856 875 si
898 838 999 884 quid
1031 838 1174 885 video,
1209 837 1458 884 Cyrenaeus
1491 838 1635 884 poeta,
1670 839 1718 875 ut
1749 837 1829 874 fuit
1863 839 2059 874 veterum

433 913 683 958 poematum
727 915 962 958 consartor,
1006 914 1104 960 post
1144 912 1288 950 Ulixis
1330 912 1652 958 expeditionem
1696 913 1739 949 in
1781 911 1945 949 Elidem
1985 911 2060 949 sed

432 989 533 1025 ante
561 987 704 1025 herois
739 990 924 1026 mortem
959 987 1188 1025 interiecit.
1221 987 1345 1025 Unde
1376 987 1572 1033 sequitur
1604 987 1861 1034 Telegoniae
1892 988 2060 1034 partem

434 1062 716 1110 principalem
773 1073 874 1111 non,
925 1065 973 1101 ut
1018 1063 1194 1109 quidam
1242 1064 1452 1110 putarunt
1476 1059 1502 1106 1)
1550 1062 1685 1100 fuisse
1733 1062 2062 1110 Thesprotidem

434 1136 553 1175 illam
582 1141 830 1186 surreptam
860 1140 990 1185 atque
1016 1139 1310 1184 interiectam,
1340 1139 1413 1176 sed
1443 1139 1491 1175 ut-
1517 1138 1658 1185 ipsum
1680 1147 1837 1176 nomen
1856 1138 2065 1175 carminis

436 1212 615 1260 indicat,
657 1213 791 1252 Ulixis
822 1217 989 1252 mortem
1024 1225 1050 1252 α
1090 1210 1282 1261 Telegono
1311 1213 1392 1261 filio
1424 1213 1597 1252 illatam.

494 1288 785 1337 Eugammm,
822 1293 869 1328 ut
896 1300 1028 1338 supra
1055 1290 1261 1338 vidimus,
1292 1291 1604 1337 argumentum
1632 1289 1804 1327 itineris
1829 1289 1872 1326 in
1896 1288 2061 1326 Elidem

435 1374 521 1402 non
563 1364 614 1402 de
656 1375 735 1403 suo
779 1365 1066 1413 excogitavit,
1108 1366 1183 1403 sed
1217 1365 1396 1403 Homeri
1428 1365 1585 1402 indicia
1617 1366 1683 1403 est
1716 1366 1893 1403 secutus
1925 1374 2063 1411 neque

436 1449 622 1486 usquam
656 1450 681 1478 a
714 1440 820 1478 duce
854 1451 932 1478 suo
960 1440 1155 1488 deflexit,
1186 1440 1271 1478 nisi
1297 1440 1409 1487 quod
1438 1440 1601 1487 Augiae
1630 1440 1859 1478 historiam
1888 1439 2064 1478 addidit.

441 1514 564 1553 Hanc
591 1516 803 1554 rationem
833 1516 962 1553 anxie
990 1516 1269 1554 observatam
1298 1518 1402 1554 tunc
1424 1525 1590 1562 quoque
1609 1515 1804 1553 adhibuit
1819 1526 1915 1554 cum
1936 1514 2063 1553 Thes·

440 1591 655 1639 protidem
699 1592 972 1639 interponere
1016 1590 1160 1629 vellet.
1204 1591 1423 1629 Homerus
1462 1591 1577 1628 enim
1611 1591 1750 1639 pergit
1783 1593 1802 1627 λ
1839 1592 1919 1629 135
1952 1601 2064 1638 sqq:

1033 1666 1212 1712 θάνατος
1246 1666 1287 1704 δέ
1319 1679 1377 1703 τοι
1409 1665 1447 1712 ἐξ
1480 1663 1572 1711 ἁλὸς
1604 1664 1709 1719 αὐτῷ

707 1741 903 1793 ἀβληχρὸς
936 1744 1038 1791 μάλα
1071 1746 1175 1788 τοῖος
1207 1741 1420 1791 ἐλεύσεται,
1452 1740 1494 1787 ὅς
1525 1741 1568 1779 κε’
1599 1753 1640 1780 σε
1670 1739 1804 1795 πέφνῃ

708 1815 846 1868 γήρα’
883 1817 979 1856 ὑπὸ
1012 1820 1209 1870 λιπαρῷ
1243 1815 1528 1866 ἀρημένον,

442 1895 468 1933 i.
503 1906 558 1933 e.:
599 1895 774 1933 homine
806 1895 880 1934 illo
913 1896 1110 1944 invento,
1145 1895 1366 1942 sacrisque
1399 1894 1600 1932 omnibus
1632 1893 1724 1931 deis
1755 1892 1913 1931 oblatis
1950 1902 2070 1930 mors

439 1971 518 2008 tibi
560 1971 781 2018 continget
811 1974 1007 2009 senectute
1038 1971 1221 2019 confecto.
1259 1971 1410 2008 Ulixes
1448 1971 1594 2007 autem
1630 1979 1685 2006 ex
1718 1969 1837 2006 Elide
1869 1968 2067 2005 Ithacam

442 2056 645 2084 reversus
676 2057 949 2094 nequaquam
983 2057 1106 2086 senex
1138 2047 1298 2084 nedum
1330 2055 1454 2084 senex·
1485 2046 1685 2093 confectus
1721 2044 1860 2082 vocari
1886 2044 2070 2091 poterat.

444 2121 572 2160 Hosce
601 2123 730 2170 iyitur
761 2133 894 2161 annos
924 2124 951 2161 i.
986 2134 1021 2161 e.
1064 2123 1252 2170 spatium
1295 2121 1505 2169 temporis
1545 2121 1658 2158 inter
1700 2120 1924 2158 hominem
1967 2117 2071 2154 ἀθα-

443 2198 648 2236 λάττευτον
689 2200 919 2237 inventum
965 2201 1008 2237 et
1049 2198 1193 2236 Ulixis
1235 2200 1443 2244 mortem,
1482 2197 1753 2244 Eugammon
1786 2195 2070 2243 Thesprotide

445 2274 651 2323 explevit.

505 2350 588 2388 Ubi
634 2351 766 2398 igitur
815 2351 967 2389 Ulixes
1015 2351 1239 2389 hominem
1287 2350 1412 2388 illum
1459 2348 1688 2387 secundum
1737 2346 2072 2395 Euyammonem

447 2427 642 2465 invenit?
688 2427 736 2464 In
784 2427 921 2473 Elide,
966 2429 1013 2464 ut
1055 2426 1200 2473 quivis
1233 2425 1364 2463 videt.
1400 2424 1518 2473 Quod
1553 2426 1595 2461 et
1627 2424 1706 2461 hoc
1738 2423 1867 2460 modo
1900 2422 2072 2460 demon—

448 2503 579 2540 strari
625 2503 784 2550 potest:
834 2502 977 2540 locum
1026 2502 1125 2539 huic
1168 2501 1360 2548 episodio
1403 2499 1637 2548 praebebat
1674 2498 1740 2536 vel
1775 2497 1871 2545 finis
1903 2497 2074 2535 itineris

448 2577 491 2615 in
539 2577 705 2615 Elidem
750 2577 815 2615 vel
856 2577 951 2623 sinis
994 2576 1283 2624 expeditionis
1325 2576 1368 2613 in
1411 2575 1601 2622 Epirum.
1645 2573 1768 2611 Initio
1810 2582 1910 2610 velo
1945 2572 2072 2609 huius

448 2652 738 2700 expeditionis
785 2655 935 2700 aptum
985 2662 1068 2690 non
1115 2653 1226 2698 erat,
1267 2661 1370 2689 nam
1411 2650 1585 2688 homine
1627 2649 1700 2686 illo
1743 2648 1920 2686 invento
1953 2647 2072 2685 Ulixi

448 2728 587 2766 statim
630 2728 826 2765 Ithacam
873 2731 965 2766 erat
1006 2728 1294 2772 redeundum,
1340 2728 1386 2763 ut
1419 2723 1683 2763 sacrificaret
1715 2723 1918 2762 omnibus
1950 2721 2070 2759 coeli—

452 2803 577 2850 colis;
607 2803 834 2851 permultos
866 2805 1016 2840 autem
1051 2812 1207 2849 annos,
1243 2804 1290 2839 ut
1324 2801 1502 2839 Proclus
1536 2802 1701 2845 narrat,
1736 2800 1778 2836 in
1807 2798 1930 2845 Epiro
1957 2797 2071 2844 degit

452 2882 593 2919 heros.
636 2878 785 2916 Finme
817 2880 961 2916 autem
997 2878 1166 2915 itineris
1197 2877 1401 2925 Epirotici
1434 2877 1526 2914 erat
1557 2874 1735 2922 aptum?
1768 2873 1849 2912 Sed
1882 2881 2020 2920 neque
2051 2881 2073 2909 e

500 3049 520 3087 ι)
548 3051 699 3081 Welcker
722 3050 784 3088 Ep.
810 3050 900 3086 Cycl.
926 3049 958 3078 11
985 3049 1058 3078 302.
