2141 3487
788 316 842 344 Dr:
876 315 1023 344 AIAGE.
1664 302 1715 339 57

89 444 225 482 usque
258 433 310 472 ad
342 432 515 471 Ionium
548 439 670 468 mare
699 429 940 475 invasisse;
971 428 1151 466 huiusce
1179 426 1324 475 populi
1353 427 1503 474 quinto
1532 426 1722 462 exeunte

87 509 261 548 saeculo
292 507 496 554 reliquias
529 505 752 544 habitasse
786 504 1017 553 Lampsaci
1052 503 1278 550 viciniam,
1313 512 1411 540 cum
1445 500 1497 539 ad
1532 500 1721 546 Strymo-

91 595 189 624 nem
246 583 408 623 ssumen
464 582 617 621 eodem
669 582 869 628 tempore
916 579 1219 618 invenirentur
1267 577 1535 616 Teucrorum
1584 574 1723 613 coloni

88 659 279 698 Paeones,
323 657 453 697 Teste
493 656 723 696 Heraclide
756 655 936 694 Pontico
971 654 1084 702 apud
1120 654 1418 700 Athenaeum,
1456 650 1590 690 Mileti
1623 659 1721 697 quo-

86 744 168 782 que
224 733 535 781 antiquissima
592 730 836 770 incolarum
895 740 1013 778 pars,
1075 739 1207 776 quam
1255 727 1533 766 subiecerant
1583 725 1722 765 coloni

89 810 255 859 Graeci,
302 809 571 849 vocabantur
613 807 856 856 Gergithes.
901 806 1076 854 Gergini
1109 805 1243 844 etiam
1277 803 1424 852 Cyprii
1457 802 1632 847 (Athen.
1666 800 1724 837 VI

90 887 191 931 256)
237 886 289 925 ab
336 886 500 934 origine
548 884 699 923 Teucri
751 884 900 929 erant;
945 882 1099 920 Teucri
1138 890 1241 920 vero
1285 889 1445 919 nomen
1490 879 1533 916 in
1576 876 1726 916 Cilicia

89 961 432 1001 usitatissimum
471 960 607 999 fuisse
640 959 796 998 docent
827 958 1116 996 monumenta
1148 955 1426 1005 epigraphica
1458 952 1724 999 (Kretschm.

85 1049 124 1087 p.
167 1037 276 1085 190),
325 1045 494 1075 necnon
541 1034 792 1073 sacerdot-es
840 1032 977 1071 diales
1022 1031 1154 1071 Olbae
1196 1029 1531 1080 appellabantur
1572 1028 1725 1067 Teucri

89 1112 245 1157 (Strab.
280 1112 380 1150 XIV
415 1112 530 1155 642).

149 1189 207 1227 At
233 1188 394 1227 iterum
423 1196 657 1226 monemus
686 1186 798 1235 apud
821 1185 1064 1224 Homerum
1092 1183 1211 1222 illius
1238 1183 1381 1232 gentis
1408 1192 1461 1220 ne
1489 1181 1723 1220 minimum

91 1264 266 1312 quidem
298 1274 529 1313 superesse
561 1262 816 1311 vestigium.
857 1261 1074 1300 Teucrum
1107 1269 1207 1299 eum
1245 1258 1405 1297 habere
1438 1267 1513 1306 pro
1546 1257 1723 1295 Graeco.

92 1340 298 1389 Quodque
341 1340 439 1389 plus
482 1341 568 1388 est,
603 1340 705 1378 ante
738 1337 966 1376 saeculum
1000 1337 1254 1385 septimum,
1288 1344 1371 1382 quo
1404 1344 1511 1372 aevo
1539 1342 1725 1381 magnae

92 1416 290 1464 gentium
348 1415 702 1464 immigrationes
760 1413 912 1452 Asiam
960 1412 1162 1451 turbasse
1210 1412 1414 1450 videntur
1461 1410 1727 1449 Teucrorum

92 1503 254 1531 nomen
288 1503 507 1540 nusquam
542 1491 745 1540 apparet!
779 1490 864 1528 Res
898 1491 965 1528 est
994 1488 1260 1527 intricatior!
1299 1487 1380 1526 Sed
1414 1486 1648 1525 attendite!

150 1569 297 1616 Mysos
330 1579 427 1607 cum
462 1567 640 1606 Teucris
670 1566 714 1604 in
747 1565 965 1613 Europam
993 1564 1211 1602 invasisse
1237 1562 1437 1611 perhibet
1464 1560 1724 1600 Herodotus.

92 1645 150 1683 At
182 1644 401 1683 Homerus
437 1644 583 1692 Mysos
616 1642 757 1690 novit,
798 1651 883 1679 non
917 1640 1091 1688 quidem
1135 1641 1177 1677 in
1211 1639 1316 1677 Asia
1348 1638 1423 1677 sed
1458 1638 1500 1675 in
1533 1636 1724 1683 Europa:

624 1716 756 1762 (Ζεὺς)
791 1714 832 1754 δὲ
864 1715 984 1753 πάλιν
1017 1714 1155 1766 τρέπεν
1190 1712 1280 1752 ὄσσε
1315 1713 1487 1762 φαεινώ,

328 1795 475 1844 νόσφιν
509 1793 571 1842 ἐφ’
606 1792 844 1832 ἱπποπόλων
881 1793 1065 1842 Θρηικῶν
1093 1790 1380 1840 καθορώμενος
1414 1784 1506 1827 αἶαν

326 1873 486 1909 Μυσῶν
520 1866 546 1908 τ’
577 1868 808 1920 ἀγχεμάχων
842 1867 908 1906 καὶ
941 1866 1104 1919 ἀγαυῶν
1131 1864 1416 1917 Ἵππημολγῶν
1460 1867 1517 1910 (N
1548 1866 1571 1903 3
1601 1867 1723 1912 sqq).

145 1947 239 1985 Iam
273 1946 427 1985 Strabo
461 1946 715 1985 observavit
747 1946 825 1984 hos
859 1945 1006 1992 Mysos
1039 1943 1247 1991 reliquias
1279 1942 1416 1981 fuisse
1448 1952 1618 1989 eorum,
1655 1940 1725 1987 qui

89 2032 144 2060 ex
191 2022 360 2070 Europa
406 2024 450 2060 in
492 2023 645 2061 Asiam
688 2021 1018 2069 immigrarant:
1060 2019 1352 2066 antiquiorem
1386 2019 1501 2056 enim
1536 2017 1722 2065 patriam

87 2097 222 2136 fuisse
255 2097 486 2135 Thraciam
520 2097 628 2145 (VH,
664 2108 702 2145 p.
740 2097 851 2139 295),
882 2095 1134 2143 Thraemer,
1165 2094 1452 2132 Kretschmer
1480 2103 1578 2131 curn
1611 2092 1723 2130 Stra-

88 2172 196 2211 bone
229 2172 409 2211 faciunt.
446 2172 568 2211 Unde
601 2173 800 2220 sequitur
834 2171 1105 2210 Herodotum
1136 2180 1330 2218 errasse,
1360 2170 1508 2217 Mysos
1535 2168 1651 2207 enim
1671 2177 1725 2205 ex

90 2247 312 2286 occidente
355 2248 568 2287 orientem
614 2257 767 2287 versus
812 2247 1144 2294 commigrasse.
1194 2246 1362 2294 „Heute
1395 2246 1454 2283 ist
1486 2245 1552 2283 die
1585 2244 1727 2292 einzig

88 2323 355 2371 berechtigte
404 2323 607 2371 Ansicht‚
655 2323 757 2361 dass
807 2323 874 2360 die
923 2322 1147 2369 Richtung
1190 2322 1264 2359 der
1306 2321 1588 2368 Wanderung
1631 2320 1725 2358 eine

91 2399 374 2447 umgekehrte
423 2409 625 2447 gewesen
673 2399 750 2446 ist,
799 2399 902 2436 dass
949 2398 1164 2436 vielmehr
1212 2398 1279 2436 die
1333 2398 1477 2446 Myser
1524 2397 1610 2435 und
1659 2396 1726 2434 die

89 2475 220 2513 ihnen
265 2475 549 2513 verwandten
592 2473 750 2512 Volker
792 2484 871 2512 aus
914 2473 1086 2521 Europa
1128 2474 1240 2511 nach
1273 2474 1404 2512 Asien
1438 2472 1727 2520 iibergeilutet

90 2550 206 2598 sind,
241 2550 444 2589 ziemlich
478 2550 714 2598 allgemein
749 2549 1038 2588 anerkannt’'.
1073 2549 1337 2593 (Kretschm.
1371 2559 1409 2596 p.
1449 2549 1545 2591 173)

151 2625 330 2664 Paeones
363 2636 549 2673 quoque,
597 2634 704 2672 quos
737 2624 986 2662 Herodotus
1013 2634 1094 2672 pro
1128 2624 1276 2662 colonis
1313 2623 1566 2663 Teucrorum
1600 2624 1724 2662 Troa-

89 2701 188 2739 dem
221 2701 514 2739 habitantium
548 2699 717 2747 habuit,
746 2699 943 2737 hodierni
971 2700 1052 2737 viri
1080 2700 1192 2739 docti
1224 2711 1278 2738 ex
1305 2700 1455 2748 illyria
1473 2700 1727 2748 provenisse

87 2777 254 2824 putant.
298 2775 604 2823 (Tomaschek,
651 2774 845 2812 Thraker
878 2775 897 2812 Ι
934 2775 985 2812 13
1020 2779 1143 2822 sqq.).
1178 2775 1398 2815 Homerus
1442 2784 1610 2823 quoque
1653 2785 1727 2813 eos

87 2852 222 2889 novit.
266 2850 456 2889 Ubinam
501 2861 574 2889 eos
618 2850 842 2888 habitasse
883 2850 1073 2888 cecinit?
1115 2851 1165 2888 In
1199 2851 1404 2890 Thracia!
1441 2853 1544 2889 sunt
1578 2852 1725 2888 autem

87 2926 376 2966 Troianorum
410 2927 517 2965 socii
551 2924 830 2976 ἀγκυλότοξοι,
865 2924 1124 2976 ὁολιχεγχέεςῆ
1158 2926 1472 2977 ἱπποκορυσταί,
1506 2936 1613 2973 quos
1641 2925 1731 2973 agit

90 3011 168 3040 rex
201 3002 425 3051 Peleyonus
