2141 3487
649 323 699 350 ou
734 321 1020 350 EUGAMMONIS
1053 320 1311 348 TELEGONJA.
1708 305 1787 342 201

165 440 387 487 Triphylia
422 442 465 476 et
498 438 683 476 Arcadia
717 436 936 483 vulgatas;
972 434 1196 487 coniunxit
1232 444 1331 471 vero
1365 432 1623 479 argumenta
1654 431 1797 476 Stym-

167 515 312 563 phalia
343 518 387 553 et
417 513 664 562 Triphylica
697 512 956 561 praesertim
990 511 1097 549 duce
1131 520 1236 548 usus
1271 509 1474 547 Homero.

225 590 341 639 Quae
387 590 624 638 disputatio
673 589 884 626 maiorem
931 587 1067 625 etiam
1110 585 1461 634 probabilitatem
1506 581 1719 621 obtinebit
1761 581 1798 617 si

167 666 273 704 haec
319 675 457 714 pauca
503 665 785 703 subiunxero.
835 659 1024 702 Dissidio
1073 664 1167 700 orto
1214 662 1326 699 inter
1368 659 1503 698 Dores
1546 660 1588 696 et
1631 656 1798 702 Minyas

166 741 351 780 Theram
396 741 586 779 insulam
627 740 886 787 incolentes,
933 739 974 776 hi
1017 737 1303 777 Cretensibus
1341 735 1488 774 nautis
1519 732 1700 771 ducibus
1731 731 1799 768 usi

167 817 281 855 circa
327 827 490 855 annum
539 817 626 855 630
668 826 705 855 a.
749 814 793 855 G.
839 825 878 854 n.
923 814 1119 862 Cyrenen
1162 812 1461 851 condiderunt.
1504 808 1679 847 Tertius
1722 815 1798 844 rex

168 893 324 931 Battus
356 893 396 930 [I
428 893 677 931 Eudaemon
717 892 905 930 Graecos
938 890 1162 937 invitavit,
1199 891 1247 926 ut
1278 889 1320 926 in
1355 888 1530 934 regione
1562 884 1800 932 Cyrenaica

167 969 460 1016 considerent,
511 968 581 1006 ubi
630 978 758 1015 agros
804 977 851 1004 se
898 967 952 1004 iis
1000 966 1332 1013 assignaturum
1382 961 1632 1010 spopondit-3
1677 959 1801 997 cuius

165 1043 359 1082 consiliis
407 1053 504 1081 curn
554 1043 778 1080 oraculum
826 1041 1083 1089 Delphicum
1134 1041 1262 1078 enixe
1302 1039 1486 1085 faveret,
1533 1045 1693 1083 magna
1735 1034 1802 1072 vis

166 1118 416 1157 colonorum
461 1128 483 1156 e
527 1118 846 1166 Peloponneso,
890 1117 1034 1164 Creta,
1081 1117 1179 1154 aliis
1216 1115 1392 1162 insulis,
1428 1113 1623 1160 Cyrenen
1658 1110 1799 1148 immi-

166 1195 323 1242 gravit.
369 1194 467 1232 Mox
510 1196 655 1232 ortum
698 1195 763 1232 est
801 1193 963 1232 bellum
998 1203 1096 1231 cum
1132 1194 1350 1240 Aegypto,
1381 1190 1590 1238 quoniam
1625 1187 1799 1232 Battus,

169 1272 215 1309 ut
257 1271 462 1309 omnibus
505 1270 745 1319 peregrinis
779 1269 1075 1318 satisfaceret,
1111 1268 1292 1316 Libyam
1328 1266 1560 1315 spoliabat;
1595 1264 1669 1301 sed
1703 1272 1799 1300 cum

167 1357 281 1385 anno
315 1348 400 1386 570
434 1348 636 1395 Aegyptii
664 1348 814 1385 essent
841 1345 1075 1394 profligati,
1107 1345 1270 1382 milites
1296 1341 1621 1381 tumultuantes
1646 1339 1798 1376 ducem

168 1432 299 1460 suum
331 1424 514 1461 Amasin
549 1433 696 1470 regem
730 1422 994 1460 salutarunt.
1030 1421 1108 1469 Qui
1140 1419 1355 1467 quomodo
1389 1415 1622 1465 Cyrenaeis
1648 1414 1802 1452 amicis

171 1508 276 1537 usus
307 1499 384 1546 sit,
418 1509 600 1537 uxorem
629 1497 916 1546 Cyrenaicam
945 1497 1151 1535 Ladicam
1178 1495 1354 1533 nomine
1381 1492 1553 1532 duxerit
1599 1501 1653 1528 ex
1671 1490 1800 1528 Hero-

169 1575 270 1613 doto
302 1575 375 1622 (ΙΙ,
415 1576 510 1618 181)
544 1578 697 1613 notum
732 1578 812 1612 est.

229 1651 531 1698 Regnantibus
579 1653 728 1689 autem
770 1651 896 1689 Batto
940 1650 979 1688 II
1023 1650 1201 1696 eiusque
1240 1647 1329 1687 filio
1372 1646 1568 1685 Arcesila
1609 1645 1649 1682 II
1693 1643 1804 1681 vixit

170 1727 462 1775 Eugammon‚
508 1728 580 1774 qui
621 1729 835 1774 quantum
879 1727 1065 1774 scimus,
1105 1724 1338 1773 Telegonia
1371 1723 1565 1762 carmine
1598 1726 1647 1773 τῷ
1681 1717 1801 1771 ἐπικῷ

166 1803 297 1857 κύκλῳ
338 1802 471 1842 finem
514 1804 745 1852 imposuit;
779 1803 847 1842 hic
881 1802 999 1842 enim
1033 1801 1183 1849 cyclus
1215 1799 1554 1839 continuabatur
1585 1798 1628 1835 in
1663 1795 1804 1834 Procli

167 1879 515 1918 Chrestomathia
556 1877 665 1928 μεχρὶ
706 1884 772 1929 τῆς
816 1876 1050 1929 ἀποβάσεως
1087 1874 1308 1921 Ὀδυσσέως
1351 1881 1418 1924 τῆς
1461 1874 1514 1920 εἰς
1549 1870 1718 1922 Ἰθάκην
1761 1870 1802 1909 ἐν

168 1950 192 2008 ᾗ
224 1952 290 1991 καὶ
323 1953 401 1992 ὑπὸ
434 1953 578 2000 παιδὸς
613 1954 841 2005 Τηλεγόνου
874 1952 1121 2005 ἀγνοοῦντος
1153 1952 1343 1990 κτείνεται
1367 1948 1409 1996 1).

228 2030 547 2079 Eugammonis
578 2041 687 2079 opus
715 2041 739 2069 a
766 2031 872 2068 viris
900 2030 1040 2069 doctis
1067 2040 1165 2068 cum
1196 2029 1449 2076 contemptu
1476 2024 1658 2065 tractari
1674 2023 1803 2071 solet,

171 2109 321 2155 utpote
365 2117 541 2145 carmen
585 2117 682 2145 sero
723 2108 899 2153 natum;
944 2107 1013 2145 cui
1052 2108 1202 2144 tamen
1244 2104 1492 2144 sententiae
1534 2100 1806 2141 subscribere

172 2192 448 2230 nequaquam
492 2193 685 2230 possum.
729 2182 823 2220 Non
865 2183 976 2230 quod
1021 2181 1293 2229 Cyrenaeum
1326 2181 1504 2229 poetam
1538 2188 1637 2216 eum
1671 2176 1808 2215 fuisse

172 2258 365 2306 credam,
408 2258 480 2305 qui
525 2258 679 2296 merito
721 2259 834 2296 inter
876 2258 1041 2305 priscos
1083 2257 1182 2295 illos
1223 2258 1351 2294 vates
1383 2256 1526 2293 locum
1561 2263 1690 2291 suum
1724 2251 1807 2290 sibi

173 2333 391 2371 vindicare
435 2334 594 2381 possit;
638 2334 739 2381 quid
781 2334 899 2372 enim
941 2344 1016 2381 pro
1058 2333 1408 2381 fragmentorum
1452 2329 1598 2378 inopia
1630 2328 1680 2366 de
1714 2328 1806 2366 eius

174 2409 294 2456 poesi
336 2408 526 2447 iudicare
568 2409 702 2447 licet?
743 2409 890 2456 Neque
931 2409 1043 2456 quod
1085 2418 1107 2446 e
1144 2408 1292 2456 parvis
1325 2407 1466 2445 Procli
1497 2406 1670 2444 indiciis
1701 2405 1805 2442 ima-

174 2483 321 2532 ginem
353 2485 495 2532 operis
527 2485 579 2522 ab
613 2485 733 2522 omni
766 2486 888 2532 parte
920 2485 1095 2522 rotundi
1124 2494 1173 2522 ac
1201 2484 1306 2522 bene
1334 2482 1565 2530 compositi
1592 2481 1809 2529 pellucere

174 2561 348 2608 putem;
377 2561 534 2612 immo,
563 2561 829 2598 contrarium
859 2559 1088 2598 defendere
1115 2559 1282 2598 malim.
1311 2559 1458 2606 Neque
1486 2558 1596 2606 quod
1615 2556 1808 2596 nesciam

175 2638 348 2685 poetam
405 2639 606 2675 nostrum
654 2636 832 2673 dimidio
879 2635 978 2683 plus
1025 2635 1162 2673 totius
1208 2635 1420 2673 materiae
1468 2634 1520 2672 ab
1569 2634 1668 2671 aliis
1715 2642 1811 2670 esse

175 2715 446 2758 mutuatum,
492 2722 546 2750 ne
589 2711 767 2759 gravius
799 2711 901 2758 quid
935 2711 1089 2748 dicam.
1126 2710 1206 2748 Sed
1241 2709 1609 2767 quemadmodum
1641 2709 1685 2746 in
1717 2709 1810 2746 eius

173 2788 315 2836 patria
356 2790 423 2826 est
464 2790 609 2826 ortum
650 2787 879 2825 hominum
911 2786 1093 2824 mixtum
1125 2796 1280 2834 genus,
1318 2796 1415 2824 cum
1451 2785 1602 2823 Graeci
1634 2794 1680 2822 se
1712 2794 1807 2822 con-

173 2864 406 2912 iungerent
439 2873 538 2902 cnm
572 2862 730 2911 puellis
762 2861 954 2910 Libycis,
989 2872 1099 2909 quae

223 3032 248 3070 l)
274 3035 370 3065 Phot.
396 3036 460 3065 239
484 3044 518 3072 p.
541 3035 604 3063 319
630 3033 735 3062 Bekk.
