2141 3487
669 321 721 348 Du
756 317 1042 347 EUGAMMONIS
1075 316 1332 345 TELEGONIA.
1724 304 1805 345 207

183 436 380 486 Proqus,
411 436 546 475 fuisse
578 433 716 473 filium
744 433 889 472 Ulixis
916 430 955 477 l).
984 432 1072 470 Nos
1100 441 1201 470 vero
1228 430 1406 469 Homeri
1436 440 1642 468 versuum
1666 430 1695 466 Β
1714 430 1812 478 740,

191 513 235 548 Μ
270 512 350 550 129
400 519 615 549 memores
657 510 824 548 scimus
865 518 964 547 eum
1006 507 1143 546 fuisse
1185 507 1414 554 Lapitham
1459 505 1639 543 Pirithoi
1675 503 1810 542 filium

185 597 239 625 ex
279 587 570 635 Hippodamia
611 587 754 624 ortum
779 582 831 632 2);
865 584 977 632 quod
1010 582 1240 622 confirmat
1272 582 1513 620 Pausanias
1545 581 1618 630 (X,
1655 581 1722 629 26,
1759 581 1813 628 2),

183 663 256 710 qui
296 662 340 700 in
384 662 572 701 Lesches
612 661 905 710 descriptione
947 670 994 698 se
1027 659 1188 698 vidisse
1221 658 1280 697 ait
1313 657 1596 706 Polypoetem
1630 656 1815 694 Pirithoi

184 736 324 776 filium
367 735 579 787 δεδεμένον
620 735 691 787 τὴν
731 734 910 786 κεφαλὴν
951 735 1098 788 ταινίᾳ,
1130 733 1196 772 καὶ
1228 730 1316 782 παρ’
1353 732 1476 771 αὐτὸν
1510 732 1678 782 Ἀκάμας
1710 730 1814 770 ἐστὶν

183 810 203 851 ὁ
249 812 422 863 Θησέως.
466 814 570 852 Erat
612 814 744 861 igitur
776 813 1036 861 Polypoetes
1068 811 1233 859 origine
1272 809 1485 849 Thessalus
1507 805 1550 854 ⁸).
1586 809 1815 859 Quaeritur

182 889 325 937 igitur,
360 890 575 937 quomodo
607 889 844 927 Thessalus
875 888 917 926 in
953 887 1259 936 Thesprotiam
1292 886 1517 925 aberrarit.

243 965 274 1003 Ε
311 966 404 1004 loco
437 965 681 1003 Pausaniae
714 965 956 1011 hucusque,
991 963 1104 1010 quod
1136 962 1291 1010 sciam,
1326 971 1411 1000 non
1444 961 1553 999 satis
1584 960 1815 1000 observato

183 1041 283 1079 huic
314 1040 561 1088 quaestioni
592 1049 851 1088 responsum
880 1040 947 1077 est
973 1038 1222 1087 petendum.
1252 1038 1459 1086 Legimus
1485 1038 1600 1077 enim
1629 1038 1757 1077 Paus.
1777 1039 1813 1085 Ι,

188 1116 253 1164 17,
273 1117 320 1154 4:
346 1114 410 1165 »ἐς
440 1113 481 1153 δὲ
508 1114 577 1165 τὴν
605 1113 787 1164 τελευτὴν
813 1113 886 1164 τὴν
917 1112 1076 1164 Θησέως
1102 1112 1227 1152 πολλὰ
1255 1112 1333 1164 ἤδη
1361 1111 1426 1151 καὶ
1454 1112 1526 1164 οὐχ
1543 1111 1815 1166 ὁμολογοῦντα

183 1190 342 1242 εἴρηταί
387 1189 576 1229 δεδέσθαι
619 1205 656 1229 τε
696 1189 771 1242 γὰρ
813 1188 936 1228 αὐτὸν
978 1187 1139 1241 λέγουσι
1181 1187 1221 1235 ἐς
1250 1188 1338 1227 τόδε
1371 1187 1442 1235 ἕως
1475 1185 1540 1238 ὑφ’
1572 1185 1814 1241 (Ηρακλέους

183 1264 459 1318 ἀναχθείη.
505 1266 768 1305 πιθανώτατα
812 1263 855 1304 δὲ
897 1260 953 1304 ὧν
995 1263 1164 1316 ἤκουσα·
1206 1264 1361 1315 Θησεὺς
1394 1264 1431 1312 ἐς
1468 1266 1813 1317 Θεσπρωτοὺς

181 1340 378 1394 ἐμβαλών,
408 1348 497 1381 τοῦ
530 1340 783 1394 βασιλέως
817 1348 912 1380 τῶν
949 1342 1268 1393 Θεσπρωτῶν
1295 1344 1523 1393 γυναῖκα
1551 1340 1816 1394 ἁρπάσων,

181 1417 224 1457 τὸ
266 1418 369 1457 πολὺ
409 1424 476 1469 τῆς
515 1424 696 1470 στρατιᾶς
739 1418 863 1464 οὕτως
905 1416 1117 1467 ἀπόλλυσι,
1159 1415 1226 1455 καὶ
1269 1416 1388 1463 αὐτός
1420 1432 1458 1456 τε
1490 1417 1558 1457 καὶ
1592 1419 1815 1470 Πειρίθους

189 1493 358 1545 ἥλωσαν,
386 1493 453 1533 καὶ
481 1501 613 1544 σφᾶς
640 1492 660 1533 ὃ
697 1493 1000 1545 Θεσπρωτὸς
1035 1493 1196 1544 δήσας
1228 1489 1365 1545 εἶχεν
1399 1492 1441 1532 ἐν
1475 1495 1678 1550 Κιχύρῳ”.
1711 1495 1816 1535 The-

183 1581 286 1610 seus
316 1571 450 1620 igitur
481 1574 523 1610 et
554 1571 776 1610 Pirithous
804 1571 846 1610 in
875 1571 1181 1619 Thesprotiam
1208 1571 1467 1610 invaserunt
1491 1573 1607 1619 regis
1634 1582 1813 1611 uxorem

185 1648 373 1695 rapturi;
417 1647 492 1685 sed
534 1657 559 1685 a
591 1657 691 1696 rege
724 1647 839 1696 capti
871 1648 913 1685 in
948 1646 1134 1685 vinculis
1166 1648 1270 1685 sunt
1302 1647 1481 1686 servati.
1515 1647 1825 1695 Unusquisque

187 1724 333 1762 autem
345 1723 614 1771 recordatus,
634 1724 850 1770 quomodo
869 1722 1064 1761 Theseus
1081 1723 1299 1770 quondam
1320 1732 1417 1760 cum
1436 1722 1630 1761 Pirithoo
1649 1723 1823 1761 deseen-

188 1799 298 1838 derit
330 1800 383 1838 ad
416 1799 582 1838 inferos
613 1801 662 1837 ut
694 1799 999 1847 Proserpinam
1035 1800 1228 1847 raperet,
1263 1798 1466 1836 meminit
1500 1799 1655 1837 heroes
1685 1799 1822 1838 fuisse

187 1875 357 1914 vinctos
399 1876 441 1914 in
480 1886 607 1923 saxo,
642 1875 716 1913 ubi
747 1875 944 1914 Theseus
977 1875 1166 1913 sedisset
1196 1875 1240 1913 in
1274 1876 1502 1914 aeternum
1538 1874 1679 1922 (Verg.
1713 1875 1820 1913 Aen.

186 1951 258 1999 VI,
293 1953 394 1996 617)
426 1952 510 1990 nisi
542 1952 755 1990 Hercules
788 1962 887 1990 eum
928 1949 1091 1997 ἐξέσωσε
1123 1950 1177 1997 εἰς
1211 1950 1315 2000 φάος
1344 1956 1496 2000 νεκρῶνΔ
1525 1950 1632 2000 πάρα
1662 1951 1822 1999 (Eurip.

189 2027 315 2066 Herc.
355 2029 494 2073 1222).
544 2028 574 2066 Ε
622 2028 779 2075 quibus
826 2030 1006 2076 apparet
1050 2029 1133 2066 iter
1175 2027 1281 2066 illud
1324 2029 1368 2065 in
1410 2027 1718 2075 Thesprotiam
1762 2026 1822 2064 nil

189 2103 307 2142 aliud
357 2114 452 2142 esse
494 2114 623 2151 quam
667 2103 889 2154 κατάβασιν
931 2103 986 2149 εἰς
1007 2101 1173 2153 Ἅιδου,
1213 2103 1282 2142 vel
1316 2105 1363 2141 ut
1395 2104 1510 2142 idem
1544 2103 1642 2141 aliis
1675 2102 1822 2140 verbis

189 2179 349 2228 dicam,
399 2178 679 2227 Thesprotiam
722 2181 886 2218 terram
930 2179 1195 2228 fabulosam,
1231 2181 1470 2227 remotam,
1506 2178 1822 2218 occidentalem

190 2255 381 2303 antiquis
428 2255 563 2293 fuisse
610 2266 790 2304 reynum
838 2255 974 2294 Hadia
1019 2255 1262 2294 inferorum
1311 2255 1439 2303 regis,
1481 2254 1599 2303 Quod
1642 2255 1679 2292 si
1726 2253 1823 2301 quis

188 2330 330 2369 adhuc
362 2331 555 2380 dubitat,
590 2331 767 2370 evolvat
799 2332 910 2369 mihi
942 2332 1055 2370 Plut.
1090 2331 1177 2370 Vit.
1211 2331 1367 2370 Thesei
1396 2342 1429 2369 c.
1461 2332 1535 2379 31,
1570 2330 1643 2368 ubi
1675 2330 1821 2377 legun-

187 2407 259 2444 tur
290 2406 417 2446 haec:
457 2405 602 2456 ,,α·ὐτὸς
635 2407 820 2457 (Θησεύς)
855 2405 896 2445 δὲ
925 2407 1108 2461 Πειρίθῳ
1137 2407 1208 2457 τὴν
1237 2405 1466 2458 ὑπουργίαν
1495 2404 1737 2453 ἀποδιδοὺς,
1764 2404 1818 2450 εἰς

181 2480 432 2533 ’Ήπειρον
475 2483 811 2534 συναπεδήμησεν
854 2481 917 2522 ἐπὶ
949 2482 1022 2533 τὴν
1054 2482 1335 2529 Άιδωνέως
1367 2480 1591 2534 θυγατέρα,
1622 2486 1693 2519 τοῦ
1727 2482 1819 2519 Μο-

189 2560 343 2597 λοσσῶν
375 2557 580 2609 βασιλέως·
614 2555 658 2605 ὃς
689 2566 735 2613 τῇ
767 2558 931 2610 γυναικὶ
963 2559 1311 2611 Περσεφόνην
1345 2557 1473 2609 ὄνομα
1505 2556 1699 2608 θέμενος,
1731 2556 1820 2595 Κό-

191 2649 287 2685 ρην
317 2633 359 2673 δὲ
386 2642 432 2689 τῇ
458 2634 651 2687 θυγατρὶ,
677 2642 728 2689 τῷ
757 2632 800 2674 δὲ
825 2634 918 2674 κυνὶ
947 2634 1242 2687 Κέρβερον,
1267 2634 1360 2681 τοὺς
1387 2633 1475 2685 περὶ
1502 2633 1570 2673 τὸν
1594 2633 1819 2685 Πειρίθουν

240 2790 261 2833 1)
287 2802 305 2823 e
326 2792 489 2823 Callidice
514 2794 658 2829 scilicet,
682 2802 759 2823 oum
785 2795 905 2831 postea
928 2793 962 2822 in
986 2801 1130 2830 regnum
1155 2791 1230 2822 eius
1252 2793 1468 2822 successerit.

233 2851 259 2893 ²)
284 2853 333 2883 Cf.
358 2856 600 2891 argumentum
625 2860 684 2883 τῶν
711 2856 848 2889 Νόστων,
870 2853 930 2883 ubi
959 2852 1163 2891 Polypoetes
1184 2853 1286 2882 Troia
1307 2860 1466 2882 reversus
1487 2860 1563 2881 cum
1586 2851 1773 2880 Calchante
1787 2852 1820 2879 et

188 2914 342 2944 Leonteo
365 2914 406 2954 (Β
431 2913 509 2955 745)
534 2916 700 2945 Tiresiam
725 2915 909 2952 sepeliunt.
934 2912 1070 2954 (Kinkel
1095 2914 1229 2951 Fragm.
1255 2912 1352 2952 Epic.
1378 2914 1498 2943 Graec.
1523 2912 1539 2941 I
1564 2911 1606 2941 ad
1630 2909 1724 2951 loc.).

233 2973 260 3013 3)
284 2976 416 3006 Wilam.
441 2978 540 3007 Hom.
567 2977 702 3008 Unters.
727 2985 760 3014 p.
782 2977 862 3005 212:
888 2976 965 3014 „Wo
986 2974 1041 3004 ein
1062 2975 1300 3004 Heroenname
1315 2974 1466 3003 festsitzt
1479 2973 1511 3002 in
1526 2973 1586 3002 der
1600 2972 1820 3009 Genealogie,

188 3036 231 3065 da
259 3037 319 3066 hat
341 3046 420 3067 man
446 3038 511 3067 den
535 3039 644 3067 Heros
668 3047 711 3067 zu
735 3034 900 3066 suehen.'⁷
925 3036 1009 3065 Vide
1033 3035 1141 3065 Hofer
1164 3034 1199 3064 in
1224 3035 1348 3065 Rosch.
1374 3034 1456 3063 Lex.
1481 3042 1507 3062 s.
1532 3042 1562 3062 v.
