2200 3487
898 395 950 422 Du
983 395 1128 422 AIACE.
1775 385 1822 420 11

199 509 320 548 illam
369 511 419 549 de
465 509 634 548 Achille
683 509 736 547 ad
777 510 1127 548 recentissimam
1172 508 1361 547 formam
1403 507 1685 556 processisse.
1730 505 1831 543 Erat

201 587 382 632 uterque
412 585 523 632 apud
557 585 800 624 Homerum
835 586 963 624 heros
995 585 1285 633 fortissimus,
1319 583 1395 622 sed
1428 583 1620 620 humano
1654 590 1831 628 corpore

200 659 422 707 praeditus
455 659 792 707 vulneribusque
825 659 1038 699 obnoxius
1072 661 1119 698 ut
1151 659 1296 706 quivis
1323 657 1448 696 alius.
1476 655 1661 704 Vigebat
1684 656 1830 693 autem

202 734 464 781 vivebatque
505 735 549 773 in
583 746 654 774 ore
688 736 887 785 populari
919 736 1056 785 fama,
1091 745 1175 782 qua
1208 733 1374 784 ἄτρωτοι
1407 732 1685 778 dicebantur;
1721 741 1830 778 quae

197 809 318 847 fama
357 809 549 849 fortasse
591 812 803 859 originem
849 823 904 850 ex
936 811 1008 850 illo
1040 813 1239 859 tempore
1272 810 1415 858 duxit,
1450 819 1533 855 quo
1566 807 1664 856 plus
1696 816 1828 854 quam

198 883 351 922 heroes
383 887 519 924 erant.
554 886 776 925 Homerus
809 897 930 936 vero,
966 887 1038 934 qui
1070 887 1121 925 de
1155 886 1311 924 validis
1344 884 1629 923 bellatoribus
1661 892 1746 921 non
1781 882 1831 920 de

196 956 383 1009 ’ἡμιθέοις
420 964 527 1009 agit,
562 962 632 1012 τὴν
666 961 863 1011 ἀτρωσίιιν
892 962 1211 1011 praetermisit,
1240 961 1428 1000 fortasse
1456 959 1665 1007 nescivit,
1685 968 1833 1005 quam-

195 1049 329 1086 quam
370 1041 463 1088 ipse
498 1040 623 1078 laude
658 1048 738 1076 sua
770 1038 821 1076 de
860 1038 1039 1076 heroum
1076 1036 1348 1084 fortitudine,
1387 1036 1427 1073 vi
1459 1036 1698 1082 immensa,
1735 1043 1829 1072 con-

196 1116 381 1164 stantia,
429 1115 635 1154 fabellam
683 1113 936 1162 popularem
986 1112 1108 1151 aluit.
1157 1112 1290 1150 Venit
1333 1114 1525 1159 tempus,
1575 1109 1647 1148 ubi
1693 1109 1832 1147 serior

195 1193 325 1239 poeta
356 1190 426 1240 τὴν
460 1189 657 1240 ἀτρωσίαν
690 1189 836 1238 populi
864 1200 918 1228 ex
946 1199 1019 1227 ore
1046 1189 1333 1236 interceptam
1361 1187 1553 1226 carmine
1572 1185 1830 1232 celebraret,

196 1266 412 1304 Pindarus
459 1277 493 1304 e.
543 1277 582 1314 g.
626 1266 772 1304 Aiacis
814 1264 960 1312 illam;
1004 1264 1080 1302 sed
1124 1264 1212 1302 iam
1256 1263 1332 1301 alii
1374 1262 1623 1301 cecinerant
1653 1261 1831 1298 heroem

194 1341 468 1380 homericum
497 1343 686 1380 mortem
714 1341 888 1379 obiisse.
917 1340 1105 1378 Necesse
1133 1339 1266 1387 igitur
1294 1338 1393 1386 suit,
1425 1339 1472 1375 ut
1496 1337 1664 1375 ratione
1689 1335 1833 1383 aliqua

195 1418 296 1465 apte
336 1417 521 1456 inventa
562 1415 731 1467 ἀτρωσία
776 1426 875 1454 cum
918 1415 1066 1454 herois
1107 1416 1250 1453 morte
1293 1413 1641 1461 coniungeretur.
1691 1411 1830 1460 Quare

193 1491 394 1531 ferebant
435 1493 613 1531 heroem
655 1502 741 1531 uno
782 1492 875 1530 loco
918 1493 1101 1539 excepto
1143 1491 1280 1529 fuisse
1328 1487 1516 1539 ἄτρωτον,
1562 1486 1831 1535 quaerebant

198 1570 366 1617 autem,
411 1578 516 1606 num
560 1569 670 1607 sorte
703 1578 758 1607 ex
790 1568 981 1606 Homero
1013 1568 1094 1606 hoc
1126 1566 1308 1615 probare
1342 1565 1538 1613 possent.
1569 1562 1696 1601 Nullo
1729 1571 1832 1600 vero

196 1643 290 1682 loco
323 1644 435 1682 satis
466 1644 608 1683 valido
642 1645 821 1682 invento
854 1643 976 1681 varia
1004 1643 1313 1691 excogitarunt
1340 1641 1561 1689 homines,
1592 1649 1691 1678 cum
1721 1638 1832 1676 alius

197 1718 333 1757 alium
376 1719 513 1758 fuisse
556 1720 700 1758 locum
742 1719 1002 1768 perhiberet.
1038 1718 1176 1756 Simul
1210 1720 1356 1756 autem
1390 1727 1529 1756 novae
1563 1713 1833 1762 effingendae

196 1796 322 1833 erant
369 1795 557 1844 fabulae,
603 1796 761 1843 quibus
807 1795 1113 1844 explicaretur,
1164 1804 1238 1833 cur
1271 1794 1348 1832 tali
1378 1793 1471 1832 loco
1500 1793 1628 1831 heros
1660 1790 1832 1840 ἄτρωτος

194 1869 338 1908 factus
386 1874 518 1910 esset.
568 1872 637 1910 Sic
683 1871 844 1910 fabella
892 1873 988 1910 orta
1035 1872 1103 1909 est
1147 1870 1197 1908 de
1244 1870 1390 1908 Aiacis
1431 1869 1651 1918 pharetra.
1695 1867 1831 1905 Fama

192 1948 338 1985 autem
368 1947 419 1985 de
448 1947 631 1985 Achillis
663 1947 768 1996 talo,
800 1947 902 1985 licet
934 1946 1075 1985 notior
1108 1946 1179 1995 sit,
1214 1946 1356 1984 serius
1387 1947 1492 1983 nata
1523 1945 1604 1982 est.
1638 1943 1829 1981 Heroem

192 2022 374 2069 pedibus
401 2023 745 2072 velocissimum,
774 2023 847 2070 qui
879 2023 1019 2061 hostis
1050 2023 1182 2070 pedes
1214 2020 1512 2069 transfixerat,
1546 2020 1691 2068 ipsum
1723 2017 1831 2066 pede

196 2097 358 2136 vulnus
399 2098 556 2137 laetale
598 2100 818 2148 accepisse
860 2102 954 2138 tam
996 2098 1219 2147 probabile
1258 2097 1498 2145 videbatur,
1542 2097 1591 2134 ut
1636 2094 1834 2133 auctores

196 2173 375 2212 serioris
406 2175 567 2213 aetatis
599 2175 650 2214 de
684 2175 767 2213 alio
801 2175 894 2213 loco
928 2185 981 2213 ne
1015 2174 1249 2222 cogitarint
1283 2173 1472 2220 quidem.

259 2248 478 2287 Homerus
520 2251 563 2288 et
605 2250 701 2288 aliis
742 2250 850 2288 locis
892 2249 1042 2287 Iliadis
1084 2249 1334 2297 opinionem
1379 2249 1429 2286 de
1471 2248 1618 2286 Aiacis
1659 2245 1830 2298 ἁτρωσίᾳ

198 2323 510 2363 corroboravit.
553 2325 602 2363 In
650 2329 690 2362 A
737 2325 854 2363 enim
903 2324 1132 2363 Patroclus
1172 2324 1367 2373 Nestori,
1412 2334 1495 2371 quo
1527 2324 1646 2362 statu
1679 2321 1830 2361 Graeci

197 2398 441 2448 versentur,
474 2403 624 2439 narrat
657 2401 817 2439 additis
848 2400 967 2439 hisce
996 2400 1142 2439 verbis
1173 2403 1254 2445 (vs,
1288 2401 1373 2440 658
1407 2403 1537 2448 sqq.):

1084 2477 1122 2514 οἳ
1152 2474 1226 2527 γὰρ
1259 2474 1412 2526 ἄριστοι

435 2551 476 2590 ἐν
509 2551 654 2602 νηυσὶν
687 2550 823 2590 κέαται
853 2550 1093 2602 βεβλημένοι
1125 2551 1340 2601 οὐτάμενοί
1369 2566 1418 2590 τε.

434 2626 622 2678 βέβληται
655 2625 725 2677 μὲν
762 2627 977 2677 Τυδεΐδης,
1011 2627 1194 2679 κρατερὸς
1230 2627 1458 2678 Διομήδης,

437 2701 625 2741 οὔτασται
659 2699 693 2741 δ’
711 2699 900 2748 Ὀδυσεὺς
934 2701 1048 2752 δουρὶ
1082 2702 1224 2749 κλυτὸς
1257 2699 1318 2753 ἠδ’
1358 2701 1621 2754 Ἀγαμέμνων.

257 2780 342 2818 Ubi
374 2780 443 2818 hic
476 2782 544 2819 est
575 2780 720 2819 Aiax?
752 2779 834 2817 Hic
866 2779 988 2818 solus
1015 2779 1133 2818 nullo
1168 2779 1345 2818 vulnere
1377 2779 1526 2817 laesus
1560 2801 1610 2805 —
1647 2777 1833 2816 observa

197 2854 369 2894 nullum
401 2856 443 2894 in
476 2858 572 2895 tota
603 2856 739 2894 Iliade
773 2856 812 2894 ei
845 2855 984 2903 infligi
1014 2854 1178 2893 vulnus
1206 2877 1257 2882 —
1287 2855 1417 2893 hasta
1444 2857 1644 2893 armatus
1668 2854 1835 2902 ingenti

196 2930 346 2978 procul
379 2941 403 2970 a
436 2933 592 2971 ceteris
625 2943 738 2971 unus
772 2934 888 2970 arcet
918 2931 1142 2971 Troianos.
1176 2933 1355 2978 Βιάζεται
1383 2933 1556 2980 quidem
1576 2930 1765 2981 βελέεσσι,
1785 2933 1830 2969 at

197 3016 284 3045 non
303 3007 553 3057 τιτρώσκεται
580 3009 630 3053 (Ο
659 3009 782 3056 727);
813 3008 990 3046 hastam
1018 3008 1113 3047 eius
1139 3008 1242 3047 licet
1268 3010 1444 3047 truncet
1460 3008 1622 3047 Hector
1639 3009 1697 3052 (H
1716 3008 1827 3055 117),

197 3082 291 3130 ipse
338 3083 490 3122 salvus
538 3084 699 3126 evadit.
750 3085 800 3122 ΙΙ]
848 3083 1089 3122 certamine
1138 3094 1237 3122 cum
1285 3084 1472 3123 Hectore
1519 3083 1668 3121 habito
1715 3082 1830 3120 Aiax
