2200 3487
426 367 480 404 66
1116 369 1170 397 DE
1202 368 1346 396 AIAGE.

421 498 642 535 nunquam
670 487 714 525 in
740 486 886 525 Attica
912 484 1068 522 saltem
1097 482 1235 520 sacris
1261 480 1458 529 placasse
1486 482 1675 529 apparet.
1704 481 1786 520 Ubi
1805 492 1908 521 vero
1925 483 2041 522 Tela·

421 564 563 602 monis
593 562 752 610 cultus,
787 561 824 599 si
851 559 923 607 qui
950 567 1135 605 usquam
1167 558 1386 595 terrarum
1420 556 1611 605 exstitit,
1647 558 1917 603 quaerendus
1944 561 2043 598 est?

480 637 761 677 Sacerdotum
803 636 995 673 stemma
1035 632 1174 680 primo
1216 630 1284 669 vel
1326 630 1463 669 altero
1496 631 1671 670 saeculo
1703 642 1740 670 a.
1775 631 1818 671 C.
1852 642 1893 672 n.
1927 633 2042 672 Hali-

421 714 613 752 carnassi
661 709 953 759 compositum
1000 709 1049 746 ut
1090 707 1173 745 huc
1213 715 1381 744 necnon
1425 706 1477 744 ad
1521 706 1613 744 eius
1646 706 1765 745 urbis
1797 708 2042 757 μητρόπολιν

420 788 568 827 oculos
586 788 809 826 vertamus
827 794 906 823 nos
924 783 1053 831 cogit.
1071 781 1212 820 Verba
1228 783 1332 819 sunt
1349 781 1455 819 haec
1472 781 1678 825 (Dittenb.
1699 781 1803 830 Syll.
1822 780 1894 822 ΝΟ.
1915 784 2036 834 608);

480 894 513 900 ..
533 893 540 900 .
560 858 870 912 ,Ἀριστοκλέους
903 857 1151 909 μεταγράψαι
1189 855 1278 897 <gn
1308 861 1376 905 τῆς
1415 854 1578 906 ἀρχαίας
1609 857 1803 907 στή>λης
1830 863 1897 908 τῆς
1924 872 2042 908 wape-

420 938 569 987 στώσης
600 940 680 982 τοῖς
713 934 909 987 ἀγάλμασι
940 936 1019 979 τοῖς
1054 937 1121 970 τοῦ
1156 931 1410 977 Ποσειδῶνος
1449 937 1518 970 τοῦ
1545 928 1729 982 Ἰσθμίου
1762 933 1854 979 τοὺς
1886 947 2043 985 γεγενη-

419 1013 562 1064 μένους
594 1010 672 1050 ἀπὸ
704 1016 772 1060 τῆς
805 1010 963 1055 κτίσεως
995 1007 1093 1046 κατὰ
1135 1005 1248 1059 γένος
1286 1006 1399 1058 ἱερεῖς
1433 1012 1501 1045 τοῦ
1537 1008 1792 1055 Ποσειδῶνος
1825 1014 1894 1047 τοῦ
1925 1013 2042 1048 καθι-

418 1087 635 1140 δρυθέντος
682 1085 760 1125 ὑπὸ
810 1092 887 1123 τῶν
928 1083 1000 1134 τὴν
1034 1082 1324 1125 ἀποικί<αν>
1368 1082 1506 1124 <ἒκ>
1558 1085 1771 1135 Τροιζῆνος
1812 1081 2042 1136 ἀγαγόντων

420 1165 642 1203 Ποσειδῶνι
689 1160 754 1200 καὶ
803 1159 1132 1201 Άπόλλω<νι>.
1177 1158 1276 1197 εἰσὶν
1321 1156 1363 1197 δὲ
1404 1157 1445 1197 ἐν
1488 1157 1588 1213 αὐτῇ
1631 1158 1745 1210 ἱερεῖς
1786 1164 1856 1197 τοῦ
1900 1160 2042 1198 Ποσει-

417 1241 543 1286 δῶνος
575 1239 669 1278 οἵδε·

875 1310 1062 1350 Τελαιιὼν
1145 1310 1401 1356 Ποσειδῶνος
1438 1307 1505 1360 ἔτη
1544 1307 1593 1360 ιβ’

873 1386 1062 1432 Άντίόιος
1148 1388 1382 1435 Τελαμῶνος
1538 1382 1595 1430 κζ’

867 1458 876 1473 ‘
890 1459 1044 1510 Υπέρης
1149 1463 1382 1510 Τελαμῶνος
1552 1458 1594 1496 θ’

874 1536 1105 1582 Ἀλκυονεὺς
1149 1538 1384 1584 Τελαμῶνος
1544 1534 1595 1585 ιβ’

878 1610 1066 1661 Τελαμὼν
1144 1610 1336 1649 Ἀντιδίου
1531 1608 1592 1660 φιβ’

867 1684 877 1700 ‘
891 1686 1031 1737 Ὑριεὺς
1143 1686 1335 1725 Ἀντιὸίου
1560 1684 1596 1736 η’

866 1761 1020 1808 ’Ἁνθας
1141 1761 1379 1808 Ἀλκυονέως
1537 1759 1594 1799 ιθ’
1626 1776 1660 1799 κ.
1689 1776 1718 1799 τ.
1746 1764 1778 1799 λ.

471 1841 584 1879 Ante
618 1849 779 1878 nornen
812 1839 1046 1877 Aristoclis
1077 1838 1310 1886 legendum
1340 1837 1519 1876 coniecit
1546 1836 1738 1875 Boeckh:
1768 1836 1952 1883 εἰπόντος
1974 1842 2044 1876 τοῦ

412 1918 540 1963 δεῖνος
573 1921 652 1954 τοῦ.
687 1915 895 1955 Omnium
923 1914 1204 1953 sacerdotum
1225 1914 1326 1952 anni
1346 1913 1587 1960 computati
1605 1910 1800 1951 efficiunt
1817 1922 2040 1952 summam

410 1992 750 2039 quingentorum
783 1992 1005 2038 quattuor.

468 2067 654 2104 Auctore
696 2066 828 2113 igitur
866 2065 1099 2104 Aristoclis
1130 2063 1218 2103 filio
1253 2075 1276 2103 e
1307 2064 1512 2103 columna
1544 2066 1742 2114 antiqua,
1778 2075 1887 2112 quae
1923 2064 2038 2103 Hali-

411 2142 604 2180 carnassi
631 2142 756 2179 iuxta
783 2141 999 2189 imagines
1026 2140 1216 2189 Neptuni
1243 2140 1420 2179 Isthmii
1436 2140 1755 2189 inveniebatur,
1775 2141 2045 2189 transcripta

410 2218 515 2254 sunt
560 2215 741 2254 nomina
787 2215 988 2254 omnium
1030 2225 1202 2263 eorum,
1249 2215 1323 2262 qui
1365 2215 1416 2254 ab
1448 2215 1554 2254 urbe
1586 2216 1759 2255 condita
1796 2214 1896 2254 κατὰ
1927 2214 2040 2267 γένος

409 2291 660 2329 sacerdotes
701 2290 878 2330 fuerunt
918 2290 1110 2339 Neptuni
1141 2290 1280 2339 illiuS‚
1314 2300 1444 2338 quem
1477 2290 1696 2330 Troezene
1728 2301 1878 2330 secum
1911 2290 2044 2329 duxe-

410 2367 509 2404 rant
542 2365 843 2404 Halicarnassi
876 2366 1137 2405 conditores.

473 2440 559 2479 Fac
590 2443 719 2479 notas
752 2441 1004 2480 numerales
1034 2441 1123 2480 iarn
1156 2441 1294 2480 fuisse
1322 2441 1366 2479 in
1394 2441 1545 2480 tabula
1571 2442 1751 2490 antiqua
1775 2442 1890 2481 unde
1907 2452 2045 2481 sacer-

415 2516 567 2554 dotum
615 2517 794 2555 nomina
836 2519 939 2556 sunt
982 2517 1271 2565 transcripta;
1311 2516 1380 2555 fac
1421 2517 1648 2564 antiquam
1690 2516 1813 2555 illam
1845 2516 2043 2555 tabulam

404 2592 738 2631 adscribendam
771 2603 869 2631 esse
904 2592 1079 2632 saeculo
1112 2593 1286 2642 quinto,
1320 2592 1528 2639 quoniam
1559 2593 1666 2631 tunc
1693 2592 1907 2640 temporis
1933 2591 2046 2630 tales

410 2668 538 2705 notas
572 2666 761 2705 usitatas
793 2668 928 2706 fuisse
961 2668 1264 2707 Halicarnassi
1295 2667 1490 2706 ostendit
1522 2667 1680 2706 titulus
1711 2666 1772 2705 XI
1815 2667 1926 2715 apud
1957 2666 2045 2706 Dit-

405 2741 702 2789 tenbergium3
737 2743 837 2789 quid
869 2743 967 2781 inde
995 2743 1222 2791 sequitur?
1251 2743 1533 2781 Sacerdotum
1561 2741 1839 2790 genealogiae
1865 2742 2040 2780 initium

406 2816 670 2855 adscendere
704 2817 755 2854 ad
790 2817 985 2855 medium
1019 2818 1245 2857 saeculum
1273 2828 1463 2857 nonum:
1493 2818 1578 2856 500
1607 2818 1724 2855 enim
1754 2826 1892 2855 annos
1909 2817 2046 2855 series

405 2892 500 2939 ipsa
549 2891 865 2939 complectitur.
915 2893 1008 2931 Hoc
1057 2904 1158 2932 vero
1202 2893 1379 2933 saeculo
1423 2903 1576 2932 revera
1618 2892 1749 2931 urbes
1791 2892 1964 2931 doricae
2000 2893 2043 2930 in

403 2966 536 3004 Asiae
569 2966 696 3004 litore
731 2967 988 3005 occidentali
1022 2970 1125 3006 sunt
1159 2968 1373 3007 conditae.

460 3040 752 3089 Reperiuntur
793 3041 837 3079 in
882 3043 1118 3081 stemmate
1162 3045 1312 3082 nostro
1354 3052 1515 3091 genera
1541 3042 1802 3090 quindecim.
1847 3041 2040 3080 Ultimus
