2141 3487
766 339 819 366 DE
853 339 1050 367 CARNEIS.
1641 336 1721 373 163

97 446 179 486 Cos
220 450 526 494 (Paton-Hicks
567 453 636 500 38,
685 453 765 500 10),
810 452 978 501 Cyrene
1021 453 1156 498 (Pind.
1200 453 1324 501 Pyth.
1361 454 1408 502 V,
1449 456 1531 503 75),
1576 457 1723 496 Thurii

95 523 288 568 (Theocr.
323 526 372 575 V,
408 528 491 572 83).

155 600 307 640 Mensis
351 600 536 641 Carneus
577 606 974 642 commemoratur:
1015 603 1272 652 Calymnae,
1301 604 1466 653 Nisyri‚
1499 606 1542 643 in
1576 606 1722 658 Creta,

95 673 245 723 Gelae,
278 678 525 727 Agrigenti,
561 679 809 727 Syracusis,
843 679 1142 729 Tauromen1i‚
1177 680 1352 719 Tarenti
1380 677 1419 725 l).

154 750 289 790 Docet
331 753 546 792 Pindarus
588 754 647 793 1.].
693 755 807 794 hunc
851 755 1019 794 cultum
1064 765 1086 794 e
1129 756 1343 794 Laconica
1376 756 1563 796 Theram
1597 761 1726 806 atque

94 827 193 866 inde
225 827 439 876 Cyrenam
474 840 572 869 esse
603 831 892 879 translatum;
926 831 1078 870 eadem
1108 831 1296 870 fortasse
1325 833 1396 871 via
1423 833 1531 872 alias
1557 844 1726 881 quoque

94 903 137 941 in
171 904 339 943 insulas
366 906 565 953 pervenit
584 904 627 950 2).
656 907 704 945 In
729 907 990 945 Messeniam
1024 917 1123 946 cum
1157 907 1387 956 Spartanis
1414 910 1663 957 penetravit
1683 906 1726 959 ³),

94 978 137 1016 in
180 979 353 1018 Italiam
404 981 684 1029 Siciliamque
718 982 850 1020 simul
883 993 982 1021 cum
1017 983 1184 1022 colonis
1215 983 1511 1023 Doriensibus.
1545 985 1730 1023 Restant

93 1055 227 1103 igitur
253 1059 426 1104 praeter
453 1057 653 1105 Spartam
685 1062 725 1096 et
760 1058 993 1106 Amyclas:
1028 1060 1188 1107 Argos,
1224 1059 1400 1107 Sicyon,
1431 1060 1577 1109 Creta,
1613 1062 1726 1110 oppi-

94 1130 294 1170 dulorum
328 1133 465 1170 series
497 1133 677 1181 Taygeti
711 1134 880 1172 montis
913 1134 1041 1173 litore
1074 1137 1270 1181 utroque.

869 1506 946 1544 ΠΙ.

151 1661 212 1700 De
259 1661 416 1701 Carnei
458 1663 526 1701 dei
568 1663 760 1701 nominis
802 1662 1123 1711 significatione
1164 1664 1267 1702 licet
1308 1665 1454 1702 varias
1495 1665 1538 1702 in
1581 1665 1729 1712 partes

94 1736 309 1786 disputari
343 1738 506 1786 possit,
540 1738 704 1777 festum
738 1738 882 1786 ipsum
917 1739 1020 1786 quin
1055 1749 1153 1777 cum
1196 1739 1344 1778 Lunae
1379 1739 1497 1778 cultu
1531 1740 1729 1778 coniunc-

93 1817 190 1852 tum
232 1814 364 1852 fuerit
406 1814 606 1852 dubitare
647 1814 808 1862 poterit
848 1824 994 1853 nemo.
1028 1814 1181 1854 Totius
1214 1815 1330 1853 enim
1364 1815 1467 1853 festi
1497 1812 1604 1864 ἀκμή
1637 1817 1731 1854 erat

93 1886 119 1939 ἡ
160 1889 374 1939 πανυυχίς,
416 1899 501 1937 qua
541 1891 640 1938 post
682 1889 774 1929 dies
815 1900 975 1929 novem
1025 1890 1286 1939 plenissima
1325 1890 1523 1938 fulgebat
1569 1889 1727 1939 σελήνη.

93 1964 240 2012 Neque
282 1965 445 2003 iniuria
486 1964 566 2002 dea
607 1967 762 2003 renata
803 1965 961 2013 plausu
1000 1965 1239 2013 effusisque
1272 1965 1537 2005 clamoribus
1569 1965 1729 2004 saluta-

93 2040 236 2080 batur.
265 2039 435 2089 Quanto
463 2040 580 2078 enim
607 2041 734 2079 nobis
759 2039 840 2078 sub
869 2041 1001 2078 Arcto
1030 2040 1280 2079 viventibus
1307 2041 1606 2088 maioremque
1630 2041 1731 2078 anni

96 2117 264 2164 partem
307 2115 560 2163 frigoribus,
605 2115 832 2154 umoribus
880 2116 1087 2154 exercitis
1133 2116 1198 2154 sol
1241 2116 1345 2154 luna
1386 2118 1453 2155 est
1500 2116 1733 2165 acceptior,

94 2193 219 2230 tanto
266 2191 358 2230 sole
406 2192 571 2239 gratior
617 2191 723 2230 luna
769 2193 836 2230 est
882 2192 954 2238 iis,
1004 2192 1076 2239 qui
1129 2191 1347 2240 Europam
1395 2192 1732 2230 meridionalem

96 2267 339 2306 incolentes
379 2267 469 2305 fere
513 2267 691 2305 cottidie
725 2266 833 2305 solis
865 2267 1065 2305 ardorem
1098 2267 1337 2305 molestum
1373 2266 1474 2315 sibi,
1510 2267 1736 2315 pecoribus

97 2343 304 2382 nocivum
351 2343 651 2391 experiuntur,
709 2352 789 2381 nec
835 2342 920 2380 nisi
968 2343 1036 2381 die
1084 2345 1423 2391 vesperascente
1480 2340 1575 2380 sub'
1606 2342 1734 2380 lunae

96 2419 307 2467 regimine
355 2418 547 2456 dulciore
596 2420 727 2465 atque
775 2418 939 2456 leniore
987 2419 1135 2456 vivere
1183 2428 1231 2455 se
1280 2418 1534 2456 aestimant.
1585 2417 1736 2464 Itaque

96 2494 236 2533 solem
269 2494 483 2541 effugiunt
511 2495 554 2531 et
586 2495 810 2540 metuunt,
841 2493 892 2531 ob
927 2494 1016 2530 vim
1045 2493 1326 2540 pestiferam;
1355 2493 1574 2546 orientem
1608 2493 1736 2530 modo

98 2570 166 2608 vel
214 2569 486 2608 occidentem
535 2569 736 2617 adorant,
786 2568 862 2607 sed
909 2569 1006 2607 odio
1052 2568 1216 2606 habent
1263 2570 1458 2607 stantem
1506 2568 1549 2605 in
1593 2568 1736 2605 medio

99 2645 242 2692 caelo;
277 2645 602 2693 pulcherrimus
635 2644 690 2681 iis
723 2643 897 2682 videtur
931 2643 1011 2681 sub
1045 2653 1270 2691 occasum,
1300 2644 1413 2682 unde
1442 2640 1461 2680 ὁ
1490 2641 1598 2691 ἣλιος
1624 2642 1737 2691 βασι-

97 2719 200 2758 λεύει
247 2729 502 2768 neo-graece
550 2717 769 2766 significat
821 2718 914 2767 „sol
962 2718 1163 2756 occidit’'.
1208 2719 1323 2757 Bene
1367 2720 1514 2757 autem
1558 2716 1736 2755 Graecis

144 2924 169 2964 ¹)
194 2925 375 2962 Byzantii?
401 2924 681 2954 Preller-Robert
706 2933 739 2962 p.
767 2924 829 2952 252
856 2925 942 2953 Ann.
970 2924 1000 2952 2.

138 2983 165 3022 2)
193 2987 372 3024 Gruppius
391 2986 448 3016 Gr.
472 2986 578 3023 Myth.
591 2994 624 3023 p.
642 2987 702 3014 161
721 2986 806 3014 Ann.
823 2986 862 3013 16
878 2993 918 3013 ex
933 2984 1095 3021 Argolide
1110 2985 1250 3022 repetit,
1263 2986 1468 3020 argumento
1483 2982 1617 3011 adiecto
1631 2980 1735 3009 nullo,

144 3043 172 3084 ³)
197 3047 376 3085 Gruppius
403 3056 436 3085 p.
463 3048 524 3076 162
551 3048 637 3075 Ann.
663 3048 691 3075 6.
