2141 3487
842 294 893 321 DE
926 294 1072 322 Amos.
1690 287 1769 322 129

141 407 239 455 pius
271 408 540 446 remansisse
574 407 750 455 heroes;
795 408 976 446 numina
1013 418 1122 455 quae
1154 406 1199 444 αἱ
1227 405 1450 456 ἐπικλήσεις
1484 408 1775 456 designabant

142 482 340 522 abierant
391 482 435 520 in
492 483 778 532 oblivionem,
838 483 903 522 vel
953 483 1071 521 aliud
1119 493 1281 522 nomen
1331 483 1489 522 horum
1539 463 1793 522 numinum*

139 558 417 598 divinitatem
450 559 744 608 exprimebat,
778 556 802 609 ἡ
838 557 1041 608 ἐπίκλησις
1078 560 1228 597 autem
1260 559 1569 608 reviviscebat,
1608 569 1692 598 non
1726 561 1774 597 ut

141 634 247 674 deus
280 635 355 674 sed
387 637 436 674 ut
461 635 604 675 heros.
633 636 846 684 Exemplo
875 636 965 674 sint
992 636 1174 674 nomina
1201 634 1516 686 Περικλύμενος,
1546 633 1776 685 Εὐρύαλος,

143 710 322 762 Κάρνος,
364 710 606 762 Εὐρυνόμη,
654 710 969 763 Εὐρυμέδουσα,
1006 709 1279 763 Ἀγαμέμνων,
1317 708 1537 760 Εὔφημος,
1572 721 1681 758 quae
1713 711 1776 749 Sic

138 787 252 827 nude
299 789 442 837 posita
489 789 643 828 heroes
690 789 759 828 vel
807 789 1009 828 homines
1057 789 1272 837 indicant,
1322 788 1398 826 sed
1446 797 1546 826 cum
1594 787 1772 826 deorum

138 864 390 904 nominibus
433 866 667 904 coniuncta
708 865 869 904 melius
910 865 1250 913 intelleguntur:
1282 861 1424 914 Ἅιδης
1459 862 1776 913 Περικλύμενος,

140 939 337 980 Ἀπόλλων
381 940 613 993 Εὐρύαλος,
659 940 857 980 Ἀπόλλων
902 940 1113 992 Κάρνειος,
1145 939 1325 991 ’Ἄρτεμις
1359 939 1601 991 Εὐρυνόμη,
1624 936 1775 990 τΕρμῆς

141 1014 412 1068 Εὐρυμέδων,
460 1017 561 1064 Ζεὺς
603 1015 877 1069 Ἀγαμέμνων,
919 1017 1129 1055 Ποσειδῶν
1174 1015 1374 1067 Εὔφημος
1418 1016 1532 1061 (Vide
1576 1015 1775 1055 Wentzel

138 1093 392 1143 Epicleseis,
427 1094 497 1141 qui
531 1093 638 1132 haec
670 1094 711 1132 et
744 1093 828 1132 alia
859 1093 1068 1142 praebet).

195 1168 434 1218 Delphicus
475 1170 641 1208 mensis
684 1171 779 1208 erat
810 1169 883 1216 qui
917 1169 1155 1208 vocabatur
1182 1165 1335 1214 Ἰλαῖος.
1369 1168 1609 1207 Cohaerere
1634 1166 1772 1217 Ἴλιος,

132 1244 272 1294 Ἰλεύς,
298 1241 441 1291 ’[λαῐος
476 1245 632 1284 docent
666 1246 1047 1294 comparationes:

376 1319 537 1367 σκότος;
582 1320 759 1367 σκότιος-ε
803 1313 1192 1367 σκοταῖοςΞἿλοςῑ
1227 1318 1366 1366 ’Ίλιος;
1402 1315 1544 1366 ’Ῑλαῖος
1587 1320 1771 1365 (Usener

315 1398 474 1436 Archiv
511 1397 540 1436 f.
572 1397 664 1436 Rel.
698 1397 830 1436 Wiss.
865 1397 957 1446 VH,
993 1398 1033 1446 3,
1069 1398 1109 1442 4)
1144 1399 1188 1436 et

378 1471 635 1519 Μενέσθιοςῑ
670 1473 912 1519 Μενεσθεύς
933 1471 1141 1520 ΞἽλιοςῑ
1178 1472 1303 1519 Ιλεύς.

198 1550 495 1589 Observemus
528 1550 777 1599 Apollinem
809 1560 884 1598 per
911 1551 1052 1588 totam
1081 1550 1264 1588 Iliadem
1291 1560 1445 1588 verum
1472 1549 1653 1587 Iliorum
1682 1559 1778 1587 esse

134 1627 424 1666 defensorem.
471 1627 625 1676 Apollo
667 1627 750 1665 fuit
793 1627 866 1675 qui
909 1626 1062 1665 urbem
1105 1626 1336 1665 moenibus
1369 1626 1580 1674 munivit,
1617 1625 1772 1674 Apollo

135 1703 208 1750 qui
241 1703 284 1741 in
319 1713 416 1742 arce
450 1703 666 1751 templum
700 1702 905 1751 habebat,
940 1701 1094 1750 Apollo
1132 1702 1206 1749 qui
1238 1701 1473 1740 Hectorem
1509 1702 1550 1739 in
1584 1711 1775 1749 pugnam

145 1779 452 1818 comitabatur.

196 1855 271 1893 Sin
313 1866 416 1894 vero
459 1855 503 1893 in
545 1854 685 1900 (milei
728 1854 868 1893 vitam
910 1854 1157 1892 accuratius
1195 1854 1477 1902 inquirimus,
1513 1852 1693 1891 umbrae
1727 1853 1778 1891 ad

136 1932 276 1970 instar
323 1931 404 1970 sub
451 1931 656 1970 manibus
704 1931 869 1970 nostris
917 1930 1156 1969 evanescit.
1199 1930 1415 1969 Audimus
1457 1931 1644 1968 matrem
1687 1929 1780 1968 eius

135 2008 271 2047 fuisse
313 2008 601 2056 Laonomam‚
645 2017 830 2046 uxorem
873 2007 1096 2056 Eriopam,
1140 2007 1429 2045 concubinam
1470 2006 1669 2044 Rhenam
1713 2005 1781 2043 vel

138 2084 460 2134 Alcimacham,
511 2095 533 2124 e
576 2094 660 2131 qua
701 2083 853 2131 genuit
894 2083 1082 2121 nothum
1125 2081 1265 2121 filiurn
1313 2082 1573 2122 Medontem.
1619 2081 1780 2129 Cogno-

141 2170 242 2199 men
276 2160 314 2199 ei
347 2162 441 2198 erat
472 2158 745 2210 πτολίπορθος
778 2161 825 2204 (Β
858 2160 971 2208 728),
1005 2158 1205 2197 interfuit
1239 2181 1290 2187 —-
1325 2159 1401 2197 sed
1435 2159 1547 2206 apud
1581 2160 1783 2196 auctores

142 2236 330 2275 seriores
359 2258 413 2263 —
447 2235 714 2284 Argonautis
743 2235 930 2284 (Orphic.
959 2235 1063 2283 Arg.
1095 2235 1202 2282 193;
1232 2234 1324 2273 Val.
1354 2234 1494 2273 Flacc.
1524 2234 1543 2271 Ι
1572 2235 1686 2278 372).
1714 2234 1784 2271 Nil

143 2312 348 2361 amplius.
382 2312 522 2351 Natus
554 2313 640 2361 est,
674 2321 858 2350 uxorem
892 2311 1035 2360 duxit,
1070 2310 1234 2358 genuit.
1264 2305 1381 2348 Ἠύτε
1412 2308 1566 2355 καπνὸς
1598 2309 1736 2360 ᾤχετοῐ

203 2388 375 2437 Gruppe
431 2388 474 2426 in
532 2387 752 2426 ditissimo
799 2383 908 2427 libro
961 2386 1157 2435 „Griech.
1206 2385 1472 2434 Mythologie
1513 2386 1600 2424 und
1648 2386 1783 2434 Relig.

143 2464 329 2503 Gesch.”
373 2474 498 2512 pagg.
542 2464 612 2511 90,
656 2463 755 2511 309,
802 2463 901 2511 609,
945 2458 1077 2501 61312
1114 2462 1204 2500 iam
1239 2461 1482 2501 coniecerat
1515 2462 1559 2500 in
1592 2462 1785 2500 Locridis

143 2541 267 2590 parte
309 2538 644 2588 septentrionali
685 2538 935 2586 Apollinem
983 2538 1241 2576 invocatum
1284 2547 1381 2576 esse
1414 2537 1591 2576 nomine
1623 2535 1785 2587 ftie'mg,

144 2616 257 2664 quod
311 2615 443 2654 vertit
504 2614 744 2664 „Si'ihner'’.
802 2613 950 2662 „Nach
997 2613 1167 2652 diesem
1214 2613 1486 2652 Kultnamen
1536 2613 1676 2651 heisst
1717 2613 1785 2651 die

143 2691 446 2730 beriihmteste
489 2690 748 2739 opuntische
781 2689 966 2727 Kolonie
999 2689 1076 2727 das
1108 2698 1193 2727 von
1224 2688 1410 2737 Apollon
1443 2688 1623 2727 erbaute
1654 2688 1786 2726 ,Ρίλιον

144 2768 232 2807 und
278 2767 490 2816 Apollons
537 2767 581 2805 in
628 2765 762 2804 ,Ρίλιον
804 2766 1041 2814 gezeugter
1089 2765 1207 2804 Sohn
1249 2766 1387 2811 ,Ριλεύς
1429 2765 1611 2810 (ionisch
1650 2760 1784 2809 Ἰλεύς)

143 2845 246 2883 oder
266 2840 438 2893 Ὀιλεύς,
464 2843 539 2882 der
566 2842 699 2881 Vater
725 2841 802 2880 des
826 2840 1077 2879 lokriscnen
1101 2841 1252 2880 Aias'’.
1270 2841 1451 2879 Derivat
1467 2841 1598 2888 igitur
1615 2840 1786 2888 Gruppe

141 2919 359 2969 Apollinis
402 2929 647 2967 cognomen
691 2928 715 2956 a
758 2917 902 2956 radice
946 2917 1067 2955 verbi
1100 2916 1331 2966 ἱλάσκομαι,
1362 2918 1410 2954 ut
1443 2916 1607 2953 factum
1642 2916 1710 2952 est
1743 2914 1785 2952 in

140 2995 321 3034 Hesiodi
354 2995 602 3043 fragmento
641 2989 744 3031 142⁰
776 2993 868 3038 (Rz)
901 3002 1036 3040 supra
1070 2992 1264 3030 laudato.

182 3065 374 3093 Viimmzm.
1650 3060 1668 3086 9
