2200 3487
477 353 557 390 114
1171 361 1223 389 DE
1255 361 1400 390 A1AcE.

531 477 694 516 Sensus
742 477 811 515 hic
858 487 953 515 esse
997 477 1187 515 videtur:
1235 476 1368 525 „Vos,
1413 486 1436 514 o
1469 475 1598 514 urbes
1641 476 1900 523 Locrenses,
1934 485 2098 523 poenas

468 553 628 591 dabitis
661 553 882 591 Minervae
916 553 967 590 ob
1000 552 1233 591 conubium
1266 562 1415 590 meum
1451 561 1550 590 cum
1583 552 1716 590 Aiace
1748 551 1980 590 nefarium.
2007 550 2098 588 Vir—

468 629 592 676 gines
633 628 749 666 enim
792 628 907 665 sorte
950 628 1104 665 ductae
1137 637 1211 674 per
1246 626 1522 664 millennium
1556 627 1662 664 deae
1694 628 1824 665 erunt
1854 625 2097 665 sacrifican-

467 704 563 751 dae,
613 704 743 741 huius
790 703 1054 741 servitudini
1102 703 1363 741 destinatae.
1414 703 1671 751 Sepulcrum
1722 705 1869 741 autem
1919 703 2097 741 omissis

466 780 735 818 solemnibus
783 777 1010 817 sacrificiis
1058 778 1200 816 aliena
1242 778 1284 815 in
1330 780 1447 816 terra
1489 788 1601 825 aqua
1637 778 1808 816 marina
1839 778 2011 826 parabit
2040 778 2095 816 iis

465 865 646 894 arenoso
679 855 722 892 in
753 855 897 900 litore,
933 855 1166 901 postquam
1194 853 1308 901 ignis
1334 853 1464 901 lignis
1490 853 1714 892 sterilibus
1740 854 1934 892 nutritus
1960 862 2093 892 mem·

465 930 541 969 bra
573 929 880 977 combusserit,
917 929 1084 967 cineres
1115 929 1158 966 in
1203 938 1324 966 mare
1356 928 1520 966 fuerint
1554 929 1753 967 deiecti”.

525 1006 782 1054 Sepulcrum
816 1004 931 1042 enim
967 1004 1188 1042 habebunt
1214 1003 1383 1041 nullum
1412 1005 1457 1042 at
1482 1004 1695 1042 membris
1721 1003 1964 1042 combustis
1987 1004 2096 1042 cinis

463 1081 673 1119 deicietur
715 1081 757 1117 in
806 1089 945 1127 mare,
990 1079 1113 1117 cuius
1156 1079 1316 1117 fluctus
1359 1078 1566 1117 Traronis
1608 1079 1779 1117 alluunt
1811 1079 1991 1118 radices,
2027 1078 2095 1117 Sic

462 1156 620 1194 fluctus
664 1155 831 1194 cineres
873 1164 1057 1202 ossaque
1100 1154 1318 1192 alluentes
1359 1164 1538 1192 arenam
1574 1156 1830 1193 constanter
1862 1154 2097 1193 erodentes

461 1231 585 1278 quasi
615 1231 658 1269 in
692 1230 890 1278 sepulcro
923 1229 1163 1268 effodiendo
1198 1229 1462 1267 videbuntur
1494 1230 1706 1277 occupati.

521 1307 774 1353 Hucusque,
802 1307 1014 1353 quantum
1041 1316 1116 1353 per
1143 1306 1473 1354 Lycophronem
1503 1305 1623 1354 licet,
1654 1305 1772 1343 clara
1798 1307 1904 1343 sunt
1929 1306 2090 1344 omnia.

460 1382 662 1429 Sequitur
697 1391 797 1420 vero
830 1381 1053 1420 sententia
1086 1381 1298 1429 singulari
1324 1391 1505 1419 numero
1533 1390 1763 1429 expressa:
1792 1385 1860 1429 τῆς
1887 1379 1929 1418 ἐκ
1954 1380 2092 1430 λόφων

463 1457 674 1506 Τράρωνος
722 1454 1013 1505 ἕφθιτωμένης.
1062 1456 1188 1494 Unde
1235 1456 1427 1503 pendet?
1469 1455 1674 1494 Geffcken
1717 1455 1844 1499 (Tim.
1882 1456 1948 1500 12)
1991 1457 2093 1495 ante

458 1533 572 1571 hunc
605 1543 783 1570 versum
817 1531 1030 1579 quaedam
1065 1531 1280 1570 excidisse
1313 1532 1436 1569 ratus
1463 1533 1562 1579 post
1591 1541 1764 1570 versum
1799 1531 1909 1569 1158
1936 1532 2094 1570 statuit

457 1609 673 1648 lacunam.
733 1609 968 1656 Holzinger
1025 1618 1203 1646 versum
1257 1608 1368 1645 1159
1418 1609 1536 1646 arcte
1583 1617 1683 1646 cum
1731 1607 2092 1646 antecedentibus

457 1685 743 1733 coniungens,
780 1684 929 1722 verba:

751 1762 892 1808 φυτοῖς
925 1757 1121 1809 ἀκάρποις
1153 1761 1246 1810 γυῖα
1279 1756 1505 1807 συμφλέξας
1540 1757 1633 1796 ὅταν

740 1833 966 1883 ’Ἠφαιστος
999 1833 1053 1880 εἰς
1085 1834 1301 1871 θάλασσαν
1334 1831 1506 1886 ἐκβράσῃ
1541 1832 1694 1871 σποδὸν

749 1915 816 1959 τῆς
851 1908 891 1947 ἐκ
924 1909 1064 1958 λόφων
1102 1909 1311 1959 Τράρωνος
1346 1907 1624 1958 ἐφθιτωμένης

455 1987 606 2025 vertit:
647 1986 781 2034 „bisffl
817 1986 932 2023 einst
964 1985 1230 2033 Hephaistos
1258 1984 1381 2032 jener
1414 1984 1524 2023 Maid
1559 1983 1720 2022 Gebein
1754 1983 1991 2023 verbrennt
2017 1984 2095 2023 auf

453 2063 610 2101 durren
653 2062 835 2101 Reisern
879 2062 965 2100 und
1009 2062 1073 2100 als
1107 2062 1250 2100 Asche
1282 2062 1542 2099 meerwarts
1576 2060 1726 2108 treibt,
1757 2060 1824 2099 die
1856 2061 1969 2099 hoch
2003 2071 2085 2099 von

451 2139 653 2176 Treron’s
686 2137 870 2185 Klippen
900 2137 992 2175 sich
1021 2137 1398 2184 herabgestiirzt’'.
1428 2137 1646 2175 Annotat:
1683 2136 1792 2184 „mit
1817 2141 1885 2185 τῆς
1913 2134 2086 2184 ἐφθιτω-

451 2212 572 2262 μένης
615 2213 742 2262 spielt
784 2213 1016 2261 Lycophon
1060 2213 1137 2250 auf
1176 2212 1302 2250 einen
1337 2212 1444 2256 (ihm
1477 2221 1557 2250 aus
1588 2211 1805 2256 Timaeos)
1837 2211 2083 2251 bekannten

451 2289 624 2336 Mythos
666 2299 734 2327 an.
779 2289 856 2327 Die
898 2290 1015 2326 erste
1047 2287 1254 2326 Lokrerin
1289 2289 1447 2326 rettete
1479 2287 1572 2325 sich
1607 2297 1684 2325 vor
1716 2287 1796 2325 den
1829 2285 2084 2335 Verfolgern

450 2365 584 2402 durch
619 2364 743 2402 einen
779 2364 949 2411 Sprung
983 2374 1067 2401 von
1101 2364 1241 2401 einem
1277 2363 1432 2401 Felsen
1464 2363 1533 2400 ins
1566 2362 1725 2401 Meer”.

510 2439 650 2477 Huius
692 2440 839 2477 autem
883 2439 1028 2486 mythi
1070 2439 1120 2477 de
1153 2439 1295 2486 prima
1326 2438 1504 2476 Locride
1536 2448 1674 2486 neque
1707 2437 1808 2476 vola
1838 2448 1918 2476 nec
1952 2438 2081 2477 vesti-

452 2515 569 2562 gium
619 2515 729 2562 apud
779 2516 979 2552 auctores
1022 2515 1192 2561 exstat,
1236 2523 1395 2560 neque,
1441 2513 1587 2562 credo,
1623 2513 1860 2561 Holzinger
1891 2513 1944 2552 ad
1977 2513 2082 2552 talia

450 2589 719 2637 confugisset
751 2590 835 2627 nisi
868 2589 1128 2627 vocabulum
1164 2587 1254 2626 ὅταν
1289 2588 1522 2626 infeliciter
1560 2591 1737 2627 vertens
1769 2590 1911 2627 semet
1936 2589 2078 2637 ipsum

449 2665 501 2702 ad
543 2665 701 2703 incitas
742 2665 999 2712 redegisset.
1043 2665 1152 2702 Nam
1184 2674 1237 2702 ne
1270 2665 1380 2712 apud
1415 2664 1746 2712 Lycophronem
1780 2663 1954 2710 quidem
1988 2662 2083 2701 ὅταν

450 2740 561 2778 verti
593 2741 739 2787 potest
776 2739 866 2786 „bis
900 2740 1059 2778 einst'’.

506 2815 716 2852 Attamen
745 2814 887 2852 facere
921 2825 1017 2852 cum
1050 2813 1272 2863 Geffcken,
1313 2815 1385 2861 qui
1422 2815 1583 2852 statuit
1618 2814 1845 2862 lacunam,
1880 2823 2078 2851 necessa-

445 2890 558 2927 rium
592 2899 676 2927 non
712 2889 926 2927 ducimus.
960 2889 1070 2927 Nam
1106 2890 1255 2936 quidni
1289 2899 1460 2927 versus:

739 2959 800 3009 αἷς
833 2962 1058 3012 ἀκτέριστος
1092 2963 1132 3002 ἐν
1167 2963 1257 3011 ξένῃ
1292 2963 1421 3010 ξέναις
1454 2964 1578 3012 τάφος

738 3038 889 3093 ψάμμῳ
923 3040 1128 3085 κλύδωνος
1162 3039 1311 3089 λυπρὸς
1345 3038 1678 3087 ἐκκλυσθήσεται,
