2200 3487
503 321 581 358 144
1116 333 1169 360 DE
1202 333 1497 362 AMAZONIBUS.

494 454 575 490 que
617 444 780 482 frustra
821 446 1045 484 tentatum
1089 447 1174 494 est,
1219 446 1393 494 linguae
1434 458 1615 495 graecae
1653 447 1796 486 deberi
1830 458 1929 486 cum
1962 450 2120 496 negent

494 529 532 556 v.
568 519 605 557 d.
646 519 817 557 aliunde
849 520 987 568 repeti
1014 530 1100 559 non
1127 523 1342 560 vetamus.
1371 522 1599 571 Attamen,
1627 522 1728 561 licet
1754 523 1919 570 aliquot
1936 523 2122 571 vestigia

493 595 535 632 in
564 595 715 633 Asiam
743 605 822 633 nos
850 595 1003 633 ducere
1031 596 1276 645 videantur,
1304 596 1406 635 licet
1429 597 1608 636 Homeri
1625 597 1897 646 temporibus
1914 598 2121 636 mulieres

492 672 686 708 armatae
713 680 765 708 ex
794 670 915 716 equis
941 672 1203 719 pugnantes,
1235 671 1278 709 in
1307 671 1495 720 Phrygia
1520 672 1686 711 vixisse
1704 673 1913 721 ferantur,
1933 672 2118 711 infitian-

492 745 595 784 dum
628 756 713 784 non
745 748 813 784 est
845 747 1093 785 Amazones
1125 746 1240 795 illas,
1276 757 1384 793 quas
1417 758 1472 786 ex
1500 748 1724 796 Hippolyti
1751 748 1896 786 fabula
1924 748 2119 796 cognitas

491 820 720 869 habemus,
757 821 982 860 habendas
1013 832 1110 860 esse
1141 822 1185 859 in
1218 832 1400 861 numero
1433 824 1663 862 numinum
1699 823 1914 862 cultorum
1943 834 1968 862 a
1994 823 2118 861 Grae·

490 897 579 935 ciae
611 897 841 944 Ioniaeque
868 897 1022 936 incolis
1048 898 1225 946 priscis3
1254 898 1407 936 turbas
1434 900 1583 937 autem
1610 899 1831 937 fabulosas
1858 898 2117 946 quibuscum

492 973 693 1020 pugnarit
725 973 927 1011 Priamus
959 974 1123 1012 vixisse
1154 973 1197 1011 in
1229 973 1338 1021 ipsis
1371 974 1690 1022 rhapsodorum
1722 974 1958 1012 mentibus.

550 1123 726 1161 Minime
774 1123 1009 1162 reconditis
1056 1125 1132 1161 aut
1178 1123 1393 1162 abstrusis
1441 1124 1716 1172 argumentis
1762 1124 2024 1173 inducimur,
2071 1125 2121 1163 ut

489 1199 734 1236 Amazones
762 1197 964 1236 Graeciae
991 1199 1074 1246 ipsi
1092 1198 1378 1238 vindicemus.
1398 1200 1490 1238 Non
1509 1199 1621 1246 quod
1642 1200 1772 1238 variis
1790 1199 1897 1238 locis
1915 1199 2118 1238 Graeciae

489 1273 730 1311 Pausanias
774 1275 817 1311 et
859 1273 1121 1311 Plutarchus
1164 1274 1353 1313 viderint
1396 1275 1591 1313 tumulos
1631 1275 1850 1324 ingentes,
1884 1274 1957 1312 ubi
1988 1274 2116 1313 Ama-

488 1359 619 1387 zones
650 1348 845 1396 sepultas
874 1348 1016 1387 iacere
1047 1349 1165 1387 fama
1197 1350 1346 1398 ferret,
1381 1350 1425 1388 in
1453 1350 1697 1398 Thessalia,
1726 1350 1921 1398 Boeotia,
1951 1350 2116 1399 Attica,

488 1423 797 1472 Peloponneso.
840 1423 1054 1462 Theseum
1098 1424 1271 1471 quidem
1314 1426 1394 1463 hae
1431 1425 1622 1464 feminae
1654 1425 1836 1463 hostiles
1868 1424 2118 1463 ferebantur

488 1509 585 1537 esse
626 1501 816 1548 secutae,
860 1499 936 1537 sed
979 1509 1082 1537 vera
1123 1499 1199 1538 lux
1242 1501 1435 1548 perlucet
1475 1501 1518 1538 in
1558 1500 1778 1538 Plutarchi
1810 1500 1909 1538 Vita
1941 1500 2115 1548 Thesei,

489 1575 560 1612 ubi
607 1575 720 1613 inter
762 1576 902 1613 multa
942 1574 1141 1613 fabulosa
1182 1575 1369 1623 legimus
1412 1576 1546 1615 verba
1587 1576 1714 1614 haec:
1764 1573 1861 1624 ῃτὴν
1902 1572 2118 1626 γινομένην

489 1649 611 1687 πάλαι
646 1650 844 1688 θυσίαν
878 1654 961 1696 ταῖς
998 1650 1176 1700 Ἀμαζόσι
1206 1650 1282 1702 πρὸ
1315 1657 1392 1688 τῶν
1429 1650 1636 1701 Θησείων”
1671 1654 1720 1696 (C.
1756 1648 1838 1701 27).

546 1725 648 1763 Erat
694 1726 826 1774 igitur
867 1727 1054 1766 Athenis
1094 1737 1270 1765 sacrum
1313 1727 1511 1765 solemne
1553 1727 1606 1765 ad
1647 1726 1893 1764 Amazones
1935 1725 2117 1764 hostiles

487 1800 723 1848 placandas
769 1802 1038 1840 institutum.
1087 1802 1242 1841 Nullus
1288 1804 1437 1840 autem
1485 1801 1687 1850 populus,
1733 1801 1855 1840 cuius
1896 1801 2117 1849 regionem

486 1877 612 1914 turba
654 1877 922 1925 praedonum
966 1878 1198 1925 aliquando
1240 1878 1446 1916 infestam
1489 1877 1690 1925 reddidit,
1735 1876 1995 1915 sacrificium
2044 1887 2115 1915 an-

487 1962 621 1990 nuum
681 1952 794 1991 hunc
852 1953 903 1991 ob
953 1953 1125 1991 hostem
1173 1963 1248 2001 per
1290 1953 1464 1992 saecula
1506 1953 1768 2001 procuravit.
1811 1952 1919 1991 Cum
1968 1954 2118 1991 contra

486 2027 631 2066 Gallos
672 2028 724 2066 ad
766 2028 911 2067 Aliam
948 2029 1069 2067 foede
1103 2031 1220 2067 esset
1252 2031 1516 2077 pugnatum,
1551 2029 1755 2078 Romani,
1791 2029 1991 2068 homines
2024 2029 2116 2068 reli-

485 2103 742 2151 giosissimi,
776 2103 891 2142 diem
925 2114 961 2142 a
996 2105 1035 2142 d.
1065 2104 1143 2142 XV
1170 2105 1265 2143 Kal.
1294 2105 1414 2143 Sext.
1444 2105 1666 2143 Aliensem
1696 2104 1969 2153 appellarunt
1994 2104 2117 2142 nulli-

485 2189 565 2226 que
608 2179 669 2217 rei
700 2179 793 2217 sive
826 2179 993 2227 publice
1027 2181 1120 2218 sive
1152 2181 1358 2228 privatim
1394 2181 1585 2228 agendae
1617 2181 1821 2219 idoneum
1857 2181 2119 2218 censuerunt

483 2256 628 2292 atrum
661 2254 786 2291 illum
818 2254 946 2292 diem.
981 2254 1198 2293 Sacrificio
1226 2266 1412 2304 quoque,
1442 2256 1554 2303 quod
1583 2255 1815 2303 quotannis
1844 2256 1943 2293 exin
1971 2254 2116 2303 fieret,

486 2329 786 2367 celebrarunt?
828 2329 1027 2377 Minime;
1061 2330 1275 2378 reliyz'osus
1306 2330 1544 2369 vocabatur
1576 2331 1687 2379 dies,
1721 2331 1822 2378 quia
1853 2333 1961 2379 tum,
1982 2329 2118 2368 Gellio

485 2406 596 2442 teste
622 2401 662 2452 1),
706 2415 771 2443 res
810 2405 973 2443 divinas
1009 2406 1144 2453 facere
1180 2407 1499 2454 temperandum
1531 2409 1633 2445 erat.
1667 2406 1777 2445 Item
1812 2405 1982 2454 Graeci,
2016 2415 2116 2444 cum

484 2479 528 2517 in
559 2480 751 2517 numinis
778 2479 979 2518 heroisve
1006 2481 1216 2519 honorem
1245 2491 1368 2519 sacra
1394 2482 1678 2520 instituerent
1706 2480 1775 2519 vel
1800 2481 2114 2529 instaurarent,

485 2554 606 2592 nulla
637 2554 723 2592 alia
755 2565 887 2593 causa
919 2566 1050 2603 quam
1083 2566 1192 2603 quae
1220 2567 1241 2595 e
1269 2557 1476 2604 religione
1503 2556 1786 2605 proveniebat
1813 2556 2115 2594 movebantur.

545 2629 589 2667 E.
609 2639 643 2667 c.
672 2628 866 2668 Cimonis
893 2631 1115 2680 aequales,
1136 2631 1293 2670 Thesei
1312 2641 1487 2680 corpore
1505 2631 1701 2670 Athenas
1719 2631 1956 2680 translato,
1974 2631 2118 2669 herois

484 2705 645 2743 festum
693 2705 857 2743 maiore
905 2716 1034 2752 quam
1083 2707 1214 2745 antea
1259 2708 1472 2755 apparatu
1514 2707 1695 2754 agentes
1737 2716 1835 2744 cum
1877 2704 1923 2743 τὰ
1968 2704 2116 2754 Θήσεια

482 2778 725 2828 sacrificiis,
757 2774 1089 2830 certaminibus,
1118 2780 1232 2819 ludis
1259 2783 1487 2830 augerent,
1517 2781 1805 2819 instituerunt
1832 2782 1881 2819 ut
1900 2780 2116 2820 Connidae

483 2855 728 2904 Troezenio,
761 2865 844 2902 quo
873 2856 1069 2894 Theseus
1102 2857 1349 2904 paedagogo
1383 2867 1489 2895 usus
1522 2867 1618 2895 esse
1651 2857 1847 2904 ferretur,
1882 2856 2118 2903 quotannis

533 3023 556 3065 ¹)
581 3026 669 3055 Geli.
695 3026 751 3062 IV,
779 3027 809 3059 9,
836 3027 864 3055 ε.
