2200 3487
864 396 916 425 nie
950 396 1095 425 AIAcE.
1738 381 1788 419 13

827 618 907 660 Iv.
943 611 1134 660 Αἲαντε.

1292 741 1347 775 „et
1371 747 1448 768 cum
1475 735 1615 766 Castore
1639 732 1796 764 Pollux’'.

227 900 350 939 Nunc
393 901 595 939 venimus
637 900 689 939 ad
732 899 853 938 illam
896 898 1111 945 fabulam,
1155 898 1198 936 in
1233 906 1318 945 qua
1350 895 1462 933 Aiax
1496 892 1673 931 sibimet
1705 890 1797 938 ipse

169 978 355 1016 mortem
398 977 664 1016 conscivisse
697 975 973 1023 tradebatur;
1008 984 1118 1022 quae
1144 972 1310 1021 fabula,
1340 972 1389 1009 ut
1415 971 1503 1009 iam
1533 977 1665 1017 supra
1691 965 1796 1005 dixi·

168 1063 286 1102 mus,
319 1053 443 1091 illam
471 1053 523 1092 de
555 1053 648 1092 eius
675 1052 846 1105 ἀτρωσίᾳ
871 1052 936 1091 sic
963 1051 1173 1099 mutavit,
1202 1051 1251 1088 ut
1279 1057 1392 1088 unus
1419 1046 1578 1085 saltem
1607 1042 1799 1092 corporis

167 1130 288 1168 locus
320 1129 608 1178 exciperetur,
637 1139 720 1177 quo
752 1128 916 1167 ferrum
945 1126 1184 1166 intromitti
1217 1125 1378 1173 posset.

228 1206 410 1254 Rogaris
457 1215 601 1244 annon
650 1204 702 1243 ab
749 1204 893 1253 initio,
927 1203 1000 1251 qui
1032 1203 1212 1242 Aiacem
1244 1199 1419 1250 ἄτρωτον
1453 1197 1536 1237 sibi
1567 1196 1799 1245 fingerent,

169 1281 302 1320 talem
347 1281 600 1329 exceperint
640 1280 805 1329 locum,
850 1290 950 1318 cum
993 1279 1088 1327 ipsa
1126 1288 1197 1316 res
1229 1277 1380 1324 ferret,
1415 1273 1646 1322 aliquando
1679 1270 1803 1310 Aiaci

171 1357 312 1395 fatum
356 1357 588 1395 institisse.
632 1356 764 1395 Heroi
807 1355 981 1404 quidem
1023 1354 1166 1393 Aiaci!
1201 1353 1312 1392 Nam
1347 1363 1401 1391 an
1434 1352 1546 1391 forte
1579 1349 1693 1388 Aiax
1727 1347 1802 1385 ali-

172 1434 345 1481 quando
393 1434 490 1482 plus
534 1444 664 1482 quam
704 1434 832 1472 heros
864 1433 995 1471 fuerit
1029 1433 1159 1479 atque
1193 1431 1293 1469 inde
1325 1430 1419 1468 eius
1452 1426 1624 1477 ἀτρωσία
1657 1426 1700 1463 in
1734 1432 1807 1462 ore

173 1510 318 1558 populi
350 1511 633 1559 remanserit,
662 1520 766 1548 mox
784 1518 1057 1557 quaeremus.
1077 1507 1124 1546 Id
1143 1516 1242 1545 vero
1260 1506 1397 1544 statui
1415 1504 1581 1553 potest:
1603 1501 1806 1547 antiquos

174 1596 397 1634 nunquam
440 1596 539 1624 eum
581 1586 664 1624 sibi
706 1584 890 1624 finxisse
931 1585 1094 1623 heroem
1136 1583 1335 1630 Aiacem,
1382 1581 1450 1619 cui
1493 1579 1586 1618 vita
1627 1578 1806 1616 aeterna

174 1663 293 1701 esset
334 1662 565 1701 destinata.
609 1661 801 1700 Simulac
834 1661 969 1709 igitur
1002 1669 1178 1698 narrare
1210 1658 1463 1705 inceperunt
1490 1656 1605 1693 hunc
1631 1654 1807 1692 heroem

174 1738 318 1787 gladio
354 1737 624 1786 incubuisse,
659 1747 743 1776 non
776 1739 961 1786 poterat,
996 1735 1100 1784 quin
1133 1734 1255 1773 locus
1289 1731 1573 1772 vulnerabilis
1604 1730 1649 1768 in
1681 1729 1813 1767 Aiace

176 1811 334 1868 ἀτρώτῳ
367 1814 664 1861 quaereretur.

237 1890 337 1939 Sed,
371 1890 456 1929 nisi
488 1890 638 1929 omnia
668 1899 749 1928 nos
781 1888 955 1938 fallunt,
991 1887 1165 1927 exstitit
1198 1885 1430 1934 aliquando
1458 1883 1658 1931 mythuS,
1688 1881 1813 1920 cuius

178 1966 290 2015 apud
318 1966 562 2005 Homerum
595 1966 834 2013 supersunt
867 1963 1076 2012 vestigia,
1112 1963 1154 2001 in
1188 1972 1272 2009 quo
1301 1962 1415 2001 Aiax
1444 1983 1496 1989 -—
1524 1969 1610 1998 non
1628 1957 1816 1996 dicimus

178 2042 355 2081 heroem
391 2064 442 2069 -
472 2039 643 2091 ἄτρωτος
672 2041 906 2080 haberetur
932 2049 1073 2087 neque
1099 2040 1252 2077 tamen
1282 2039 1375 2076 vita
1390 2038 1569 2075 aeterna
1587 2035 1815 2073 frueretur.

179 2117 286 2166 Quid
329 2118 467 2166 enim,
506 2117 543 2155 si
577 2117 747 2166 priscus
781 2116 854 2154 ille
886 2116 999 2154 Aiax
1033 2125 1118 2153 non
1151 2113 1294 2162 gladio
1327 2113 1472 2161 periit,
1502 2112 1575 2150 sed
1610 2110 1814 2149 fluctibus

181 2193 418 2232 immersus
460 2192 529 2231 vel
572 2193 750 2241 rupibus
794 2192 956 2231 evolsis
999 2192 1230 2238 coopertus
1258 2190 1469 2229 evanuit?
1501 2188 1653 2227 Nonne
1686 2187 1816 2225 huius

183 2269 325 2316 mythi
381 2269 600 2308 Homerus
657 2269 856 2307 servavit
912 2268 1192 2306 rudimenta?
1249 2267 1401 2305 Nonne
1457 2265 1646 2313 legimus
1703 2262 1815 2311 apud

183 2345 426 2383 Homerum
461 2344 638 2383 Aiacem
673 2345 783 2393 apud
817 2344 956 2391 Gyras
987 2345 1137 2382 cautes
1168 2343 1212 2381 in
1245 2343 1418 2390 Aegaeo
1451 2340 1666 2389 periisse?

244 2419 444 2468 „Heusi”
486 2419 653 2468 inquis,
690 2419 834 2468 „vide,
869 2419 970 2466 quid
1003 2418 1159 2467 facias,
1195 2419 1432 2456 narrantur
1465 2416 1572 2455 haec
1605 2416 1656 2454 de
1686 2415 1816 2454 Aiace

184 2494 365 2533 minore.
401 2493 515 2533 Cave
548 2504 601 2532 ne
635 2504 734 2533 cum
768 2495 933 2533 maiore
965 2495 1181 2534 minorem
1215 2493 1504 2534 confundas!''

242 2570 406 2619 Immo,
455 2570 645 2608 scientes
691 2569 891 2609 volentes
932 2580 1043 2617 quae
1091 2570 1141 2608 de
1189 2570 1321 2609 Aiace
1368 2571 1538 2608 minore
1586 2569 1818 2607 traduntur

180 2646 490 2685 transferimus
521 2656 609 2685 non
640 2646 684 2684 in
716 2647 948 2695 maiorem,
983 2646 1060 2685 sed
1091 2647 1134 2684 in
1167 2646 1427 2694 primarium
1459 2645 1584 2684 illum
1616 2645 1814 2692 Aiacem,

185 2734 207 2762 e
250 2733 333 2770 quo
375 2724 470 2762 tam
510 2723 651 2762 maior
693 2733 824 2771 quam
866 2724 1012 2762 minor
1064 2723 1313 2761 homericus
1354 2721 1526 2771 prodiit.
1571 2720 1819 2759 statuimus

184 2798 310 2838 illum
344 2799 602 2847 primarium
635 2799 772 2838 fuisse
803 2796 993 2849 ἄτρωτον,
1027 2799 1266 2838 conicimus
1299 2800 1490 2838 mortem
1526 2808 1625 2836 eum
1661 2796 1823 2836 obiisse

186 2884 273 2913 non
304 2875 513 2913 humanis
544 2875 619 2913 sed
651 2875 811 2913 divinis
845 2875 1010 2913 viribus
1042 2875 1354 2924 perdomitum.

245 2950 514 2989 Evolvamus
546 2951 806 2990 Homerum.

248 3025 494 3066 Homericis
525 3027 569 3065 in
602 3026 869 3066 carminibus
901 3026 1009 3065 duos
1041 3026 1293 3066 invenimus
1325 3026 1501 3075 Aiaces,
1533 3025 1822 3064 Salaminium

190 3102 232 3139 et
258 3101 540 3152 Locrensem,
568 3102 637 3141 vel
663 3103 827 3153 potius,
857 3104 904 3141 ut
932 3102 983 3141 de
1012 3102 1234 3141 Salamine
1251 3104 1499 3151 taceamus,
1519 3100 1821 3139 Telamonium
