2141 3487
837 326 890 352 DE
923 325 1067 353 ΑῐΑοΕ.
1695 316 1767 352 [07

141 441 230 480 The
277 450 374 479 new
421 439 657 487 Phrynich.
707 439 838 477 Ruth.
888 449 925 485 p.
976 439 1076 482 467)
1140 435 1359 484 significat
1406 447 1569 484 „unum
1613 447 1774 475 annum

143 516 338 563 natum''‚
371 514 590 553 interdum
625 517 773 552 autem
811 514 1064 562 „annuum”
1099 523 1134 551 e.
1165 524 1202 560 g.
1244 512 1402 550 Herod.
1436 511 1508 560 IV,
1547 512 1650 549 180:
1686 509 1778 564 ὁρτῇ

144 589 325 643 ἐνιαυσίῃ
359 591 402 628 et
434 590 608 629 Hesiod.
647 591 678 627 Ο
711 590 823 628 447:

409 665 634 715 φράζεσθαι
667 662 699 703 δ’
739 659 811 703 εὖτ’
843 662 892 702 ἂν
925 664 1098 716 γεράνου
1132 662 1275 713 φωνὴν
1309 661 1534 716 ἐπακούσῃς

410 739 572 790 ὑψόθεν
602 739 643 779 ἐκ
672 739 826 790 νεφέων
860 738 1045 778 ἐνιαύσια
1077 738 1325 791 κεκληγυίης.

201 819 250 857 In
279 818 444 857 scholio
472 820 620 858 nostro
649 828 749 858 cum
781 828 886 857 voce
914 815 1148 867 παρθένους
1177 816 1414 855 coniuncta
1432 825 1517 854 vox
1537 812 1784 858 ἐνιαυσιαίας

143 894 257 933 haud
300 894 427 933 dubie
462 894 580 933 valet
614 894 857 943 „annuas”
891 892 1000 932 Cum
1035 892 1168 940 igitur
1200 891 1436 939 quotannis
1468 900 1609 929 novae
1641 889 1782 927 mitte-

142 971 292 1008 rentur
324 969 508 1019 pueliae,
556 979 742 1018 quarum
785 979 872 1008 una
915 968 983 1007 vel
1028 968 1170 1007 altera
1201 967 1419 1015 templum
1454 965 1785 1012 assequebatur,

140 1055 224 1083 non
259 1046 448 1094 poterat,
484 1045 585 1093 quin
620 1055 849 1084 servarum
878 1054 1091 1082 numerus
1119 1052 1295 1091 semper
1321 1042 1607 1090 accresceret,
1638 1040 1785 1088 plures

141 1131 271 1168 quam
322 1122 438 1159 certe
488 1120 615 1159 binae
662 1130 837 1168 semper
883 1119 926 1157 in
970 1119 1074 1157 aede
1118 1119 1338 1156 adessent.
1381 1117 1526 1155 Etiam
1571 1126 1593 1154 e
1641 1115 1785 1153 verbis

140 1194 205 1233 καὶ
252 1195 372 1233 πάλιν
415 1194 457 1234 οἱ
494 1193 649 1246 Λοκροὶ
690 1193 929 1233 ἀπέστελλον
973 1192 1092 1239 ἄλλοις
1127 1193 1325 1232 effeceris
1358 1193 1599 1231 Locrenses
1631 1191 1784 1230 nuntio

144 1272 366 1320 virginum
385 1272 715 1310 interfectarum
744 1271 892 1309 audito
918 1271 1059 1309 statim
1088 1270 1205 1308 intra
1232 1269 1430 1307 euisdem
1458 1268 1560 1306 anni
1592 1266 1783 1315 spatium

143 1347 253 1385 alias
295 1347 486 1386 misisse.
530 1348 597 1386 An
640 1347 753 1386 forte
786 1345 1040 1394 significant
1071 1346 1178 1384 haec
1213 1344 1364 1383 verba:
1398 1344 1640 1382 Locrenses
1672 1352 1785 1380 anno

142 1423 343 1470 sequenti
373 1423 417 1461 in
447 1433 568 1461 more
602 1422 820 1470 virginum
855 1422 1172 1460 mittendarum
1204 1429 1512 1469 perseverasse
1538 1420 1642 1457 licet
1671 1427 1784 1456 anno

144 1499 366 1546 superiore
400 1498 554 1536 nuntio
586 1498 846 1536 tristissimo
878 1498 1029 1535 essent
1061 1496 1238 1535 affecti?

205 1574 498 1622 Inspiciamus
530 1573 748 1612 scholium
782 1573 834 1611 ad
867 1572 1141 1621 Lycophron.
1176 1571 1302 1610 Alex.
1341 1572 1476 1609 1155:

209 1649 406 1698 »Τίμαιος
449 1648 598 1699 ἱστορεῖ
639 1647 695 1686 ὅτι
738 1648 783 1686 αἱ
820 1647 1145 1699 παραγενόμεναι
1182 1644 1331 1696 πορθέΊ
1346 1661 1379 1683 οι
1416 1644 1629 1684 ἐδούλευον
1663 1642 1704 1682 ἐν
1735 1651 1786 1697 τῷ

148 1723 236 1778 ἱερῷ
270 1729 338 1774 τῆς
371 1727 563 1774 Ἀθηνᾶς,
596 1724 670 1762 δύο
704 1718 833 1762 οὖσαι·
867 1723 902 1762 εἰ
932 1722 975 1761 δέ
1006 1738 1062 1768 τις
1095 1721 1303 1760 ἀποθάνοι
1330 1719 1466 1771 ἑτέραν
1493 1720 1788 1771 παραγίνεσθαι

145 1797 225 1838 ἀντ’
271 1799 415 1850 αὐτῆς,
458 1799 614 1850 ἐκείνην
649 1797 691 1838 δὲ
724 1799 770 1839 οὐ
805 1799 1037 1837 θάπτεσθαι
1069 1798 1148 1837 ὑπὸ
1182 1804 1260 1837 τῶν
1291 1797 1438 1848 Τρώων
1471 1795 1568 1835 ἀλλὰ
1599 1795 1788 1833 καίεσθαι

149 1874 302 1928 ἀγρίοις
337 1876 489 1924 ξύλοις,
520 1874 583 1913 καὶ
617 1875 662 1913 τὰ
692 1872 785 1913 ὀστᾶ
819 1875 941 1925 αὐτῆς
975 1874 1187 1926 ῥίπτεσθαι
1220 1873 1274 1919 εἰς
1301 1872 1558 1911 θάλασσαν.”

205 1953 391 1991 Prorsus
424 1951 510 1990 alia
535 1951 682 2000 docet,
711 1953 760 1990 ut
789 1951 928 2000 vides,
958 1951 1182 1999 Timaeus,
1214 1959 1374 1998 nempe
1406 1948 1648 1997 „virgines,
1678 1956 1787 1994 quae

146 2028 198 2067 ab
230 2028 560 2067 insidiatoribus
593 2028 843 2067 evasissent
876 2027 1111 2074 salvaeque
1136 2027 1179 2064 in
1207 2026 1431 2063 Minervae
1460 2024 1613 2062 aedem
1641 2032 1788 2070 perve-

145 2104 334 2153 nissent,
368 2105 611 2143 sacerdotio
645 2104 820 2152 quidem
849 2113 945 2142 esse
973 2103 1165 2151 functas,
1196 2102 1271 2140 sed
1300 2110 1474 2148 semper
1503 2100 1626 2137 binas
1653 2098 1787 2137 simul

148 2180 191 2217 in
240 2179 346 2218 aede
389 2180 580 2219 affuisse.
627 2179 821 2228 Quarum
865 2179 904 2216 si
947 2178 1087 2216 altera
1124 2179 1372 2216 moreretur
1405 2176 1447 2214 in
1481 2175 1612 2213 huius
1646 2175 1789 2213 locum

148 2253 319 2305 ἔφεδρον
352 2256 538 2294 missam
568 2265 684 2303 esse,
721 2254 942 2292 mortuam
972 2263 1075 2291 vero
1105 2252 1237 2291 iustis
1267 2252 1462 2290 caruisse
1490 2249 1761 2288 funeribus.’'

209 2331 302 2368 Iam
336 2333 567 2369 monuerat
600 2330 809 2378 Polybius
842 2329 928 2367 alia
960 2339 1138 2367 narrare
1172 2328 1402 2366 Timaeum
1439 2326 1523 2364 alia
1554 2326 1792 2363 Locrenses

149 2405 269 2453 ipsos
301 2408 345 2444 et
372 2406 673 2445 Aristotelem.
701 2405 850 2452 Neque
878 2404 1037 2442 iniuria
1064 2403 1254 2452 monuit,
1283 2413 1387 2440 nam
1416 2411 1554 2449 neque
1583 2401 1791 2440 Timaeus

149 2480 343 2528 loquitur
390 2481 441 2519 de
490 2480 733 2529 virginibus
781 2479 1016 2527 quotannis
1064 2479 1218 2517 missis
1265 2487 1404 2525 neque
1451 2477 1502 2515 de
1548 2475 1791 2523 virginibus

149 2556 394 2595 interfectis
426 2557 599 2596 iustove
633 2556 832 2605 sepulcro
866 2557 966 2604 post
999 2555 1177 2593 caedem
1211 2554 1408 2603 privatis.
1442 2553 1585 2591 Immo
1613 2551 1791 2589 Timaeo

150 2634 327 2671 auctore
359 2633 652 2672 Locrensibus
683 2633 950 2680 imperatum
984 2632 1096 2680 erat,
1126 2632 1174 2669 ut
1201 2631 1328 2669 binae
1357 2638 1533 2676 semper
1560 2636 1715 2666 servae
1747 2626 1790 2663 in

152 2707 257 2745 aede
289 2708 513 2756 adessent,
548 2708 662 2746 hunc
696 2718 800 2746 vero
834 2717 1071 2745 numerum
1104 2706 1245 2744 minui
1273 2716 1326 2744 ne
1354 2705 1561 2742 sinerent.
1590 2702 1621 2739 E
1650 2701 1792 2740 verbis

153 2785 321 2832 autem,
370 2793 481 2831 quae
528 2783 694 2821 addidit
743 2782 951 2820 Timaeus
999 2780 1136 2831 ἑτέραν
1184 2780 1486 2831 παραγίνεσθαι
1527 2773 1603 2815 ἀντ’
1651 2775 1793 2824 αὐτῆς,

153 2857 350 2896 effeceris
367 2857 491 2896 illam
511 2858 746 2906 virginem,
774 2867 884 2904 quae
913 2858 1114 2895 mortuae
1142 2856 1413 2903 succederet,
1443 2861 1617 2901 semper
1644 2851 1791 2889 vivam

155 2933 207 2971 ad
241 2933 393 2971 aedem
426 2934 694 2981 pervenisse.

212 3008 294 3047 Sed
327 3008 516 3047 fortasse
551 3008 764 3047 obieceris
796 3007 1015 3045 scholium
1049 3006 1228 3044 brevius
1260 3015 1356 3045 esse
1384 3014 1513 3051 quam
1543 3013 1565 3041 e
1593 3012 1675 3049 quo
1699 3003 1793 3039 tute
