2141 3487
817 322 869 350 DE
908 323 1053 351 Amos.
1696 314 1748 351 21

175 440 323 479 Unum
351 439 585 478 omisimus
614 448 791 477 versum
820 448 978 486 nempe
1001 439 1106 488 284,
1126 449 1254 486 quem
1275 439 1427 478 reiecit
1444 439 1752 478 Aristarchus:

409 512 478 551 καί
507 524 548 551 σε
580 513 710 552 νόθον
742 527 814 565 περ
847 511 962 552 ἐόντα
989 509 1223 563 ’κομίσσατο
1255 515 1316 568 ,Ρῷ
1350 513 1410 553 ἐνὶ
1439 515 1578 569 Ῐοίκῳ.

171 591 263 629 Hoc
301 591 449 628 autem
484 599 614 629 versu
647 590 808 629 reiecto
844 592 1119 629 evanescunt
1152 601 1208 629 ex
1235 591 1371 630 Iliade
1403 591 1559 630 Teucri
1589 591 1754 637 νοθείας

113 667 387 706 documenta.
431 665 597 705 Tamen
639 675 726 704 non
768 665 1040 712 dubitamus,
1087 667 1192 713 quin
1230 667 1287 705 sit
1318 667 1578 706 reiciendus.
1611 667 1748 706 Uxori

109 742 228 782 enim
274 741 392 781 laudi
435 742 495 780 sit
537 742 701 780 nothos
744 741 904 780 liberos
946 742 1100 780 eodem
1139 742 1233 781 loco
1267 752 1351 790 quo
1384 753 1488 781 suos
1521 742 1748 792 habuisse,

111 819 282 867 patrem
321 819 473 856 contra
505 815 573 855 τὸν
608 816 736 856 νόθον
768 817 830 871 fef)
864 815 923 855 ἐνὶ
954 816 1082 872 Ῐοίκῳ
1115 817 1382 867 κομίσασθαι,
1418 819 1520 866 quid
1553 818 1749 857 mirum?

106 894 325 933 Laudibus
368 892 559 932 afficitur
601 903 626 932 a
664 895 794 941 poeta
827 893 1023 943 Theano,
1059 904 1169 941 quae
1202 894 1363 933 marito
1397 905 1476 933 suo
1510 892 1748 945 χαριζομένη

110 970 297 1010 nothum
329 969 469 1008 filium
502 969 637 1008 simul
670 979 770 1008 cum
804 969 897 1008 suis
924 969 1074 1008 liberis
1102 970 1297 1009 nutrisse
1324 970 1482 1009 dicitur
1509 971 1561 1016 (E
1582 971 1635 1010 70
1652 972 1748 1018 sq.).

113 1047 231 1096 Quod
258 1056 360 1085 vero
387 1046 616 1085 Telamoni
643 1045 761 1084 laudi
791 1046 925 1084 vertit
954 1055 1017 1085 vs.
1051 1046 1154 1096 284,
1174 1048 1280 1085 tunc
1298 1047 1514 1095 temporis
1531 1045 1751 1085 faciebant

111 1124 258 1172 patres
291 1132 460 1161 omnes.
494 1121 705 1160 Dabimus
737 1121 1008 1170 exemplum.

167 1198 320 1247 Poeta,
361 1198 458 1245 quis
489 1197 647 1247 nescit,
683 1197 854 1236 nullam
887 1198 992 1236 facit
1025 1198 1139 1236 inter
1171 1198 1435 1237 Graecorum
1470 1201 1512 1237 et
1546 1198 1747 1238 Troiano-

112 1284 210 1313 rum
241 1283 390 1313 mores
421 1273 779 1322 discrepantiam.
813 1274 1034 1313 Affluebat
1066 1274 1231 1312 Priami
1263 1275 1383 1323 regia
1410 1275 1560 1314 nothis
1587 1274 1749 1314 liberis.

172 1349 480 1389 Andromache
538 1350 581 1388 in
641 1350 860 1399 Euripidis
918 1350 1065 1390 fabula
1122 1351 1359 1390 Hectorem
1408 1351 1471 1390 sic
1518 1350 1755 1399 alloquitur

116 1426 266 1472 (Andr.
301 1436 366 1465 vs.
402 1427 486 1464 244
520 1429 652 1474 sqq.):

409 1500 471 1540 σοὶ
502 1501 569 1540 καὶ
601 1502 807 1554 ξυνήρων,
838 1502 878 1540 εἴ
903 1517 938 1540 τι
972 1514 1014 1540 σε
1047 1502 1217 1552 σφάλλοι
1249 1502 1410 1553 Κύπρις

408 1576 477 1616 καὶ
510 1577 663 1628 μαστὸν
694 1576 774 1629 ’ἤδη
807 1578 998 1625 πολλάκις
1031 1577 1194 1617 νόθοισι
1226 1581 1310 1624 σοῖς

413 1652 597 1704 ἐπέσχον,
629 1653 695 1692 ἴνα
728 1665 792 1693 σοι
825 1652 950 1705 μηδὲν
984 1652 1148 1704 ἕνδοίην
1179 1653 1335 1705 πικρόν.

176 1731 285 1780 Quid
314 1731 448 1779 igitur
474 1731 558 1769 sibi
585 1731 679 1770 vult
703 1742 769 1770 vs.
797 1731 902 1781 284,
932 1732 969 1770 si
997 1731 1057 1769 nil
1078 1731 1297 1780 peculiare
1315 1729 1450 1769 habet
1467 1730 1751 1769 Telamonem

114 1806 253 1846 filium
286 1817 417 1846 suum
450 1807 638 1846 nothum
672 1807 789 1847 domi
822 1807 1063 1846 educasse?

171 1884 307 1923 Poeta
339 1884 491 1924 Teucri
521 1883 692 1922 νοθείαν
724 1894 811 1923 non
845 1884 985 1923 novit.
1016 1885 1067 1921 M
1093 1885 1178 1923 372
1208 1884 1373 1923 Teucer
1400 1883 1582 1921 vocatur
1607 1882 1755 1922 Aiacis

113 1959 351 2011 κασίγνητος
382 1958 450 1998 καὶ
483 1958 656 2011 ὄπατρος
688 1961 715 1999 i.
751 1971 786 1999 e.
822 1960 958 1999 frater
990 1961 1034 1999 et
1063 1960 1242 2007 quidem
1274 1959 1428 1999 eodem
1457 1959 1581 2006 patre
1608 1959 1752 1998 natus.

117 2035 394 2087 „Kaac'yvmog
426 2037 464 2075 is
498 2046 524 2074 a
554 2036 732 2084 general
764 2038 878 2075 term
913 2035 1119 2084 covering
1148 2035 1382 2083 fraternity
1416 2044 1471 2073 on
1503 2034 1627 2073 either
1658 2034 1750 2074 side

116 2112 201 2150 and
242 2111 280 2149 is
322 2112 583 2160 specialized
626 2112 683 2160 by
724 2112 799 2151 the
843 2111 1039 2150 addition
1073 2112 1119 2150 of
1148 2109 1361 2162 ὄπατρος.”
1396 2111 1465 2149 Sic
1497 2112 1616 2149 recte
1648 2110 1755 2149 Leaf

115 2186 168 2225 ad
201 2189 240 2224 A
273 2187 371 2226 257.

180 2263 212 2300 O
244 2263 329 2301 439
363 2273 455 2312 sqq.
488 2264 569 2303 hoc
601 2264 730 2303 modo
763 2264 874 2302 Aiax
909 2264 1126 2302 Teucrum
1159 2263 1413 2311 alloquitur:

420 2341 568 2390 Τεῦκρε
601 2337 747 2388 πέπον,
778 2337 827 2388 δὴ
860 2344 959 2377 νῶιν
991 2336 1187 2377 ἀπέκτατο
1220 2337 1357 2385 πιστὸς
1389 2337 1542 2390 ἑταῖρος

414 2414 703 2465 Μαστορίδης,
732 2411 778 2452 ὃν
810 2419 884 2452 νῶι
916 2413 1170 2465 Κυθηρόθεν
1203 2412 1326 2453 ἔνδον
1358 2412 1477 2453 ἕοντα

413 2490 512 2527 ,Ρῖσα
545 2489 754 2538 φίλοισι
785 2494 1032 2527 τοκεῦσιν
1067 2487 1220 2539 ἐτίομεν
1253 2487 1305 2527 ἐν
1338 2489 1633 2541 μεγάροισι.

176 2565 408 2604 Antecedit
443 2575 618 2604 versus:
655 2563 758 2611 Αἴας
792 2560 826 2602 δ’
863 2563 1043 2616 ἐρρίγησε
1075 2565 1317 2617 κασίγνητον
1351 2563 1393 2603 δὲ
1427 2564 1650 2616 προσηύδα.

177 2640 312 2689 Quid?
354 2641 439 2679 Fac
481 2641 589 2679 alios
630 2641 738 2679 duos
779 2640 950 2689 heroes,
994 2641 1071 2680 sed
1112 2642 1184 2689 qui
1223 2641 1302 2680 tibi
1335 2642 1474 2690 ignoti
1506 2641 1613 2689 sint,
1648 2640 1756 2679 talia

117 2716 231 2754 inter
263 2726 309 2754 se
342 2716 479 2765 loqui,
510 2716 661 2764 ecquid
690 2715 861 2754 dubites
889 2717 1084 2755 statuere
1112 2727 1208 2755 esse
1235 2727 1310 2756 eos
1337 2717 1496 2756 fratres
1527 2716 1756 2754 uterinos?

117 2792 212 2830 Non
259 2792 423 2840 opinor.
467 2791 588 2830 Adde
631 2791 851 2830 Hesionae
893 2801 1053 2830 nomen
1095 2801 1312 2839 nusquam
1357 2793 1468 2840 apud
1510 2792 1754 2831 Homerum

117 2866 323 2916 inveniri,
355 2867 571 2905 Teucrum
600 2865 809 2915 appellari
834 2864 1015 2903 foivama
1045 2868 1109 2911 (Ψ
1138 2868 1251 2916 859),
1287 2867 1490 2906 Herculis
1521 2867 1755 2915 expeditio-

117 2951 219 2980 nem
262 2942 516 2991 Troianam,
563 2942 632 2980 cui
675 2940 878 2979 interfuit
911 2941 1108 2991 Telamo,
1143 2942 1231 2991 legi
1264 2943 1439 2990 quidem
1472 2943 1516 2981 in
1548 2942 1755 2990 Homero,

123 3016 200 3055 sed
243 3017 287 3055 in
329 3017 404 3055 illo
453 3017 669 3067 episodio,
714 3016 826 3064 quod
868 3017 1051 3057 Bethius
1083 3017 1215 3063 (Neue
1246 3018 1394 3058 Jahrb.
1433 3019 1559 3063 1901)
1593 3018 1758 3066 optimo
