2200 3487
438 344 457 379 1
466 343 519 380 74
1099 353 1152 380 DE
1185 352 1380 381 CARNEIS.

432 467 638 505 historico
692 478 716 505 a
763 467 1043 506 Doriensibus
1091 469 1235 505 actam
1283 477 1379 506 esse
1426 465 1565 515 ἑορτήν
1612 467 1830 514 quandam
1878 468 2052 506 nomine

434 541 664 592 Άγητορίων
689 539 732 589 ¹),
779 543 821 580 in
864 553 949 590 qua
986 542 1371 581 circumferebatur
1410 543 1530 590 ratis,
1574 542 1689 589 quali
1732 543 1919 581 maiores
1951 553 2054 581 suos

429 627 532 655 usos
574 627 670 656 esse
713 618 988 665 perhiberent
1028 617 1379 656 transmittentes
1414 618 1561 656 sinum
1595 616 1917 657 Corinthiacum
1951 619 2054 657 Iove

431 695 472 730 et
518 692 715 740 Apolline
757 692 947 730 ducibus.
991 692 1145 730 Fuisse
1188 692 1302 730 hunc
1344 691 1591 739 Apollinem
1630 697 1706 728 τῶν
1741 693 1928 742 Καρνίων
1961 703 2038 740 epo

431 777 631 815 nymum,
668 776 852 812 eamque
884 767 936 804 ob
970 776 1147 804 causam
1178 768 1329 814 postea
1354 767 1398 803 in
1425 766 1514 813 via,
1543 776 1628 813 qua
1654 766 1854 814 Spartam
1881 767 2051 815 petivis—

431 844 529 880 sent
564 841 817 888 Dorienses,
853 841 930 879 deo
963 840 1127 880 Carneo
1160 841 1228 879 vel
1261 840 1414 879 Granio
1441 841 1653 889 templum
1683 842 1889 880 erexisse.
1917 842 2054 890 Vulgo

431 928 532 955 vero
579 917 692 955 hunc
740 917 867 955 deum
916 915 994 954 ἀπὸ
1042 922 1110 954 τοῦ
1158 916 1458 965 στεμματιαίου,
1504 917 1614 963 quod
1662 918 1704 955 in
1754 927 1910 965 pompa
1958 917 2052 955 eius

429 993 734 1040 aspiciebatur,
766 1002 863 1030 esse
891 992 1157 1041 appellatum
1185 990 1445 1040 Στεμμάτιυν.
1473 991 1644 1030 Hostiis
1672 995 1818 1031 autem
1846 993 2049 1041 quoniam

429 1068 582 1116 Apollo
630 1067 701 1106 ille
742 1067 910 1116 placari
955 1067 1140 1113 solebat,
1193 1077 1263 1105 res
1311 1068 1359 1105 ut
1406 1067 1519 1105 infra
1566 1067 1810 1106 videbimus
1858 1069 1960 1107 olim
2009 1069 2051 1106 in

428 1144 728 1191 Peloponneso
771 1144 918 1182 minus
959 1143 1140 1191 vulgata
1179 1144 1224 1181 et
1263 1142 1412 1192 solita,
1457 1145 1505 1181 ut
1536 1153 1648 1181 novo
1683 1144 1782 1182 huic
1814 1145 1926 1182 mori
1957 1144 2053 1181 sub-

428 1221 670 1258 strueretur
712 1218 1046 1257 fundamentum
1090 1217 1348 1256 historicum
1391 1219 1494 1256 nata
1535 1220 1602 1255 est
1639 1217 1798 1256 fabella
1829 1218 1880 1256 de
1913 1217 2052 1257 Carno

427 1296 528 1332 vate
585 1295 745 1333 misere
800 1295 1066 1341 interempto
1119 1294 1193 1332 sed
1235 1293 1285 1331 ab
1329 1293 1528 1341 Apolline
1571 1293 1803 1331 vindicato.
1846 1292 2052 1332 Carnium

428 1370 557 1408 deum
600 1369 726 1408 facile
768 1379 865 1407 cum
899 1369 1076 1416 antiquo
1108 1370 1333 1416 pastorum
1369 1368 1445 1407 deo
1478 1367 1642 1407 Carneo
1676 1368 1890 1407 coaluisse
1922 1370 2051 1416 atque

427 1445 525 1484 inde
557 1444 802 1493 Apollinem
837 1444 1054 1483 Carneum
1087 1444 1209 1482 nasci
1240 1444 1453 1493 potuisse,
1487 1454 1571 1482 non
1601 1443 1773 1492 multis,
1807 1446 1856 1483 ut
1887 1444 2051 1492 opinor,

426 1520 572 1559 verbis
605 1520 895 1558 demonstrari
923 1530 1029 1568 opus
1056 1522 1136 1559 est.
1167 1519 1368 1568 Quinimo
1397 1518 1647 1570 συγκράσεως
1673 1518 1790 1557 illius
1817 1519 1952 1558 etiam
1981 1530 2049 1558 ex-

426 1598 545 1634 stare
573 1596 761 1643 vestigia
786 1596 989 1642 quamvis
1006 1595 1166 1643 exigua
1183 1595 1390 1644 suspicor,
1411 1604 1510 1633 cum
1529 1595 1642 1643 apud
1662 1594 2005 1642 [Apollodorum]
2020 1592 2052 1640 2)

426 1670 520 1718 lego
569 1671 691 1709 haec:
744 1668 901 1720 »ἐφάνη
944 1669 1015 1720 γὰρ
1049 1669 1182 1716 αὐτοῖς
1212 1670 1513 1721 (Doriensibus
1540 1670 1684 1709 sinum
1719 1669 2051 1715 traiicientibus)

426 1746 563 1795 μάντις
605 1745 805 1797 χρησμοὺς
850 1744 974 1796 λέγων
1018 1745 1081 1782 καὶ
1126 1744 1346 1795 ἐνθεάζων,
1387 1742 1434 1783 ὃν
1470 1744 1660 1795 ἐνόμισαν
1693 1745 1820 1796 μάγον
1853 1740 1955 1783 εἶναι
1988 1743 2051 1783 ἐπὶ

426 1822 529 1875 λύμῃ
562 1826 632 1859 τοῦ
665 1826 832 1870 στρατοῦ
865 1820 988 1871 πρὸς
1027 1820 1474 1870 Πελοποννησίων
1507 1819 1944 1870 ὰπεσταλμένον”.

483 1897 670 1936 Videsne
703 1899 751 1935 ut
783 1895 949 1935 Carnus
981 1907 1138 1944 magus
1170 1897 1211 1942 (i.
1245 1908 1280 1935 e.
1315 1906 1467 1935 revera
1499 1896 1694 1935 Carneus
1727 1896 1847 1941 deus)
1880 1906 1902 1934 e
1934 1896 2049 1935 Pelo—

422 1983 615 2021 ponneso
662 1972 945 2011 Doriensibus
987 1975 1056 2011 eat
1100 1973 1301 2011 obviam?
1343 1972 1623 2020 Intellegisne
1661 1982 1736 2010 cur
1770 1971 2048 2019 [Apollodori]

422 2049 613 2087 narratio
656 2049 860 2097 procedat
905 2049 985 2086 hOC
1028 2049 1175 2087 modo:
1224 2053 1391 2097 „tofitov
1435 2047 1567 2097 βαλὼν
1612 2046 1781 2101 ἀκοντίῳ
1807 2043 1996 2096 Ἱππότης
2030 2045 2049 2084 ὁ

428 2126 634 2170 Φύλαντος
691 2130 760 2161 τοῦ
821 2125 1016 2174 Ἀντιόχου
1065 2130 1133 2162 τοῦ
1175 2121 1419 2173 (Ηρακλέους
1467 2122 1593 2173 τυχὼν
1646 2122 1931 2161 ἁπέκτεινεν”’.)
1978 2132 2053 2161 cur

422 2201 664 2239 Antiochus
692 2199 991 2249 transfigatur,
1020 2211 1176 2249 magus
1204 2203 1353 2240 autem
1382 2201 1532 2239 salvus
1561 2201 1715 2239 abeat?
1736 2200 1903 2248 Nempe
1921 2200 2047 2238 deum

424 2286 610 2323 quocum
658 2287 762 2315 mox
808 2276 961 2324 Apollo
1003 2287 1049 2315 se
1092 2279 1185 2315 erat
1229 2277 1556 2323 coniuncturus‚
1602 2277 1724 2314 cuius
1766 2285 1925 2314 nomen
1968 2274 2050 2313 sibi

422 2352 640 2391 asciturus
687 2355 798 2400 erat,
845 2352 968 2390 illum
1010 2352 1230 2399 interficere
1268 2362 1351 2390 non
1384 2352 1543 2390 licebat
1575 2351 1818 2393 Heraclidis
1851 2350 2050 2398 Apolline

425 2428 530 2466 duce
563 2427 887 2475 navigantibus.

485 2503 632 2550 Pergit
651 2503 909 2541 Pausanias:
933 2502 1026 2552 „tow
1046 2500 1115 2552 μὲν
1133 2499 1324 2552 Ἱππότην
1343 2500 1668 2553 ἐφυγάδευσαν’“,
1686 2513 1782 2540 cum
1804 2502 2049 2550 Apollinem

423 2578 628 2617 laesisset
660 2578 885 2626 factusque
919 2581 1037 2617 esset
1069 2576 1286 2628 ἀλιτήμων,
1323 2577 1470 2627 ἄτιμος.
1503 2578 1645 2617 Facile
1676 2578 1809 2625 igitur
1835 2577 2051 2616 credimus

426 2655 468 2691 in
513 2653 748 2704 Ἀγητορίοις
790 2654 870 2692 hoc
911 2664 1079 2701 quoque
1123 2653 1345 2702 episodion
1383 2653 1426 2691 in
1460 2663 1592 2692 scena
1625 2663 1719 2691 esse
1752 2655 1975 2701 peractum
2008 2654 2052 2690 et

425 2728 560 2766 fuisse
589 2728 796 2776 aliquem,
826 2729 898 2775 qui
918 2725 1106 2766 Ἱππότου
1137 2751 1187 2756 -
1220 2729 1245 2767 i.
1266 2739 1300 2767 e.
1329 2734 1399 2766 τοῦ
1426 2725 1621 2779 ἡγεμόνος
1650 2750 1701 2755 ——
1726 2729 1874 2775 ageret
1889 2729 2050 2776 partes.

485 2804 646 2852 Operae
694 2814 805 2842 nunc
854 2807 921 2842 est
968 2805 1157 2852 pretium
1206 2804 1463 2843 meminisse
1510 2803 1682 2851 glossae
1724 2803 2048 2852 Hesychianae‚

474 2984 497 3021 ¹)
523 2985 596 3014 Vid.
620 2985 768 3022 Hesyeh.
794 2985 813 3013 i.
839 2993 868 3013 v.

471 3043 496 3084 ²)
522 3046 572 3085 ΙΙ,
599 3047 627 3075 8.
654 3047 683 3075 3.
