2141 3487
807 319 860 345 DE
893 318 1039 345 ΑῐΑοΕ.
1685 308 1730 343 3]

174 436 365 484 Iuppiter
381 434 527 482 igitur,
556 444 656 472 cum
684 433 836 471 Graeci
863 433 1048 471 minime
1075 433 1311 480 sapientes,
1342 433 1409 470 ius
1435 433 1480 470 et
1506 432 1575 470 fas
1591 442 1745 480 parum

111 512 396 550 observantes
428 509 509 547 sibi
543 509 809 558 viderentur,
843 509 1035 547 reditum
1070 508 1122 546 iis
1154 518 1308 556 parare
1339 507 1634 556 perniciosum
1661 510 1746 545 sta-

112 588 209 626 tuit.
258 586 405 633 Neque
453 586 610 624 iniuria
657 586 795 624 iratus
843 587 938 624 erat
985 585 1092 623 deus
1140 584 1344 633 optimus.
1394 584 1506 622 Nam
1553 584 1745 633 primum

113 665 266 703 contra
292 672 421 701 omne
455 662 523 700 ius
555 663 598 700 et
630 661 698 700 sas
731 662 784 700 ad
819 671 917 700 eam
951 661 1216 709 contionem,
1250 661 1323 698 ubi
1355 660 1406 698 de
1438 660 1583 698 reditu
1617 659 1749 698 verba

110 738 252 778 facere
294 737 512 786 volebant,
547 737 727 776 Atridae
761 738 1058 776 convocarant
1086 736 1252 775 milites
1280 734 1318 782 ἐς
1346 733 1481 786 ἠέλιον
1507 735 1748 773 καταδύντα.

174 814 335 853 Milites
382 816 531 853 autem
579 814 762 852 ducibus
810 814 904 852 suis
951 813 1065 851 haud
1111 812 1318 851 meliores
1366 813 1576 851 venerant
1622 812 1746 861 ebrii,

113 890 328 929 dissoluti.
364 891 469 938 Quid
496 891 656 928 mirum
686 900 760 929 eos
787 889 1044 928 discessisse
1071 889 1214 927 multa
1239 890 1338 937 post
1366 888 1580 937 convicia,
1609 888 1749 926 rixan-

112 967 198 1015 tes,
247 966 355 1020 ,Ρηχῇ
402 966 618 1020 θεσπεσίῃ,
664 968 840 1005 noctem
882 964 1154 1013 transegisse
1195 965 1418 1004 discordes
1450 964 1569 1002 mala
1601 964 1750 1003 omnia

114 1043 196 1081 sibi
238 1042 429 1081 invicem
471 1043 789 1091 imprecantes!
836 1042 956 1091 Quod
990 1042 1166 1080 initium
1199 1041 1368 1080 malum
1400 1041 1549 1089 peiora
1580 1041 1748 1089 porten-

114 1118 259 1157 debat.
292 1116 382 1156 Ἐπὶ
412 1117 487 1170 γὰρ
523 1117 623 1165 Ζεὺς
656 1117 776 1169 ἤρτυε
808 1123 920 1168 πῆμα
954 1119 1113 1156 zaneto!

174 1194 399 1233 Hactenus
431 1195 658 1244 perspicua
690 1196 794 1233 sunt
825 1195 990 1234 omnia.
1025 1194 1231 1242 Sequitur
1263 1195 1412 1233 autem
1446 1194 1546 1232 hoc:

540 1277 590 1324 τῷ
625 1270 804 1320 (πήματι)
839 1282 953 1320 σφων
986 1268 1123 1316 πολέες
1156 1268 1282 1308 κακὸν
1316 1265 1424 1308 οἶτον
1457 1267 1630 1307 ἐπέσπον

351 1346 494 1397 μήνιος
529 1345 567 1393 ἐξ
603 1344 721 1397 ὀλοῆς
752 1346 1034 1398 γλαυκώπιδος
1068 1344 1368 1398 ὀβριμοπάτρης

353 1422 377 1473 ἤ
410 1420 442 1461 τ’
478 1422 562 1474 ἔριν
595 1424 808 1477 Ἀτρεΐδῃσι
838 1420 916 1473 μετ’
955 1421 1241 1473 ἀμφοτέροισιν
1274 1421 1409 1473 ἔθηκε.

174 1499 313 1548 Quid?
361 1501 455 1539 Non
503 1511 607 1540 suas
644 1502 719 1540 sed
762 1501 876 1540 filiae
909 1511 1016 1540 suae
1047 1501 1240 1540 inflictas
1272 1501 1455 1539 iniurias
1485 1499 1629 1538 ultum
1662 1499 1750 1537 ibat

116 1577 340 1625 Iuppiter?
394 1577 601 1617 Graecine
650 1579 785 1626 igitur
832 1578 920 1616 iam
969 1580 1069 1616 ante
1118 1578 1368 1616 contionem
1417 1577 1460 1614 in
1508 1576 1750 1614 Minervam

115 1654 379 1700 peccarant?
423 1653 504 1692 Sed
547 1654 648 1701 quid
689 1655 815 1692 erant
846 1654 974 1692 ausi?
1007 1653 1160 1691 Altum
1194 1653 1415 1691 Homerus
1448 1652 1596 1690 servat
1631 1650 1757 1688 silen-

115 1729 241 1768 tium.
274 1729 439 1778 Vergili
471 1731 620 1768 autem
655 1740 828 1768 memor
861 1729 1037 1768 citabis:
1075 1729 1243 1777 „Unius
1275 1729 1327 1767 ob
1360 1738 1525 1767 noxam
1553 1730 1597 1767 et
1623 1727 1760 1766 furias

116 1805 263 1843 Aiacis
296 1805 457 1844 Oilei!'’
492 1806 657 1854 Nempe
689 1806 803 1844 Aiax
833 1804 1106 1844 Cassandrae
1134 1805 1224 1842 vim
1254 1804 1413 1842 inferre
1442 1806 1536 1842 erat
1553 1804 1751 1851 conatus,

117 1880 306 1920 laeserat
353 1882 572 1921 Minervae
619 1892 760 1931 aram,
812 1892 894 1929 quo
943 1881 1165 1929 refugerat
1213 1880 1355 1929 virgo,
1404 1890 1492 1919 non
1539 1880 1759 1918 metuerat

117 1957 262 2005 ipsum
295 1958 490 1996 numinis
522 1958 826 1997 simulacrum.
861 1957 973 1995 Turn
1005 1957 1175 1995 veritus
1207 1965 1262 1994 ne
1295 1966 1319 1994 a
1345 1955 1522 1994 Graec-is
1546 1954 1597 1993 ob
1625 1954 1756 1993 male-

118 2031 265 2072 ficium
310 2033 489 2072 offensis
529 2033 749 2082 lapidibus
786 2033 1045 2073 obrueretur
1077 2032 1206 2071 heros
1238 2032 1658 2080 fugerat....quo?
1691 2031 1758 2069 Ad

120 2109 302 2147 eandem
332 2119 474 2158 aram,
503 2120 636 2158 quam
663 2109 792 2148 modo
826 2108 1034 2157 violarat,
1068 2108 1285 2146 auxilium
1318 2107 1400 2145 sibi
1431 2106 1672 2155 implorans
1705 2106 1757 2144 ab

121 2184 273 2223 eadem
297 2185 393 2234 dea,
423 2195 573 2235 quam,
603 2186 641 2224 si
670 2186 767 2232 quis
794 2185 927 2234 alius,
954 2184 1157 2223 laeserat.
1185 2185 1329 2231 Atque
1356 2183 1469 2222 hanc
1495 2183 1547 2222 ob
1576 2192 1758 2222 causam

121 2261 301 2300 heroem
344 2261 594 2300 defenderat
631 2262 827 2300 Minerva
859 2261 912 2299 ab
945 2261 1139 2299 Achaeis
1171 2259 1501 2307 minitantibus,
1536 2259 1612 2298 sed
1648 2259 1759 2297 iram

120 2348 249 2376 suam
280 2340 474 2376 verterat
506 2339 550 2376 in
582 2338 810 2388 populum,
845 2338 918 2385 qui
952 2338 1050 2376 iura
1084 2337 1178 2376 eius
1210 2346 1298 2375 non
1332 2335 1567 2375 observata
1599 2335 1642 2374 in
1675 2346 1761 2374 sce-

120 2413 282 2453 lestum
315 2415 496 2453 Aiacem
530 2415 750 2454 vindicare
784 2414 972 2454 volebat.
998 2412 1169 2452 ’Έπειτα
1202 2410 1476 2450 ἀποπλέουσιν
1507 2409 1758 2461 οῖἝλληνες

122 2487 190 2527 καὶ
217 2489 383 2541 φθορὰν
410 2488 547 2536 αὐτοῖς
574 2487 599 2540 ἡ
629 2493 779 2540 Ἀθηνᾶ
806 2489 906 2528 κατὰ
939 2488 980 2528 τὸ
1012 2487 1182 2540 πέλαγος
1216 2494 1440 2539 μηχανᾶται
1474 2511 1526 2515 -
1561 2488 1624 2527 Sic
1655 2488 1755 2536 legi-

121 2567 193 2604 tur
223 2566 269 2604 in
301 2566 385 2604 Iliu
417 2566 608 2605 Perside.

180 2642 254 2691 At,
299 2642 461 2691 hercle,
508 2641 582 2680 ubi
622 2642 692 2680 hic
723 2651 833 2680 sana
864 2642 1006 2680 ratio?
1038 2641 1310 2681 insanientis
1342 2640 1448 2679 talia
1481 2641 1606 2679 sunt!
1641 2640 1756 2679 Plec-

119 2719 274 2755 tuntur
319 2717 479 2756 Achivi
525 2727 650 2765 reges
696 2718 734 2756 si
782 2717 991 2756 delirant!
1042 2717 1253 2757 Concedo.
1297 2718 1355 2756 At
1397 2716 1692 2755 defenduntur
1734 2726 1759 2754 a

123 2793 215 2832 deis
243 2793 480 2832 delirantes
507 2793 571 2831 illi
597 2794 836 2842 principes,
857 2803 1042 2840 quorum
1061 2793 1113 2832 ob
1136 2793 1304 2832 scelera
1320 2791 1505 2841 populus
1523 2791 1760 2839 plectitur?

122 2868 332 2907 Plectitur
374 2869 561 2917 populus
609 2869 712 2908 dum
756 2869 940 2907 numina
981 2869 1104 2907 laesa
1147 2870 1302 2908 contra
1342 2878 1493 2916 regum
1539 2867 1757 2905 insaniam

123 2945 303 2983 tuetur?
335 2944 559 2994 Flectitur,
595 2955 695 2984 cum
723 2954 847 2992 reges
874 2944 988 2982 salvi
1016 2944 1207 2983 abeant?
1235 2944 1338 2992 Quis
1366 2943 1473 2981 talia
1501 2942 1760 2989 concoquit?

185 3020 268 3059 Sed
324 3030 637 3059 removeamus
685 3021 945 3068 argumenta
993 3030 1048 3059 ex
1095 3020 1177 3058 Iliu
1225 3018 1400 3058 Perside
1447 3017 1604 3066 petita3
1653 3026 1761 3063 quae
