2200 3487
485 366 538 403 98
1178 372 1230 398 DE
1264 371 1407 399 ΑῐΑοΕ.

483 489 632 526 contra
664 486 1005 534 Hippocontidas
1037 486 1253 533 suscepta.
1297 484 1376 522 Sed
1412 483 1606 531 Cepheus
1637 484 1695 522 ibi
1727 484 1908 533 interiit,
1942 485 1990 522 ut
2020 484 2103 522 duo

482 563 556 601 alii
597 562 855 600 interierant
887 561 1059 608 heroes,
1095 560 1165 607 qui
1198 559 1373 598 Herculi
1405 560 1518 597 teste
1550 559 1767 598 Pausania
1799 559 1927 608 (VIII,
1965 560 2030 607 15,
2063 560 2104 603 6)

480 638 523 675 in
556 637 667 675 bello
695 637 845 675 contra
876 635 1042 673 Elidem
1076 636 1200 682 gesto
1233 634 1426 672 tulerant
1458 643 1597 681 opem.
1634 634 1827 672 Fuerunt
1859 633 2104 673 Chalcodon

481 713 524 750 et
544 742 551 750 .
573 742 581 750 .
604 741 610 749 .
632 741 639 750 .
659 710 849 749 Telamo.

540 788 648 826 Sunt
688 787 823 832 enim,
863 785 912 822 ut
943 785 1182 822 Pausaniae
1215 784 1451 822 afferamus
1494 784 1643 833 verba,
1686 795 1816 832 prope
1846 784 1897 823 ab
1930 785 2102 823 Pheneo

479 862 710 909 sepulchra
751 871 920 908 eorum,
964 859 1035 906 qui
1078 858 1311 896 Herculem
1354 858 1397 896 in
1429 858 1704 906 expeditione
1737 859 1947 897 adversus
1977 859 2103 898 Eleos

479 936 612 974 adiuti
644 936 822 974 domurn
856 944 942 972 non
976 934 1219 972 redierant:

539 1009 758 1060 ,,τέθαπται
806 1006 848 1046 δὲ
895 1007 1080 1057 Τελαμὼν
1123 1004 1193 1056 μὲν
1236 1005 1426 1058 ἐγγύτατα
1468 1012 1538 1046 τοῦ
1579 1013 1760 1058 ποταμοῦ
1793 1013 1863 1046 τοῦ
1896 1007 2100 1058 Ἀροανίου

480 1085 706 1122 Χαλκώδων
755 1082 796 1122 δὲ
843 1082 890 1122 οὔ
934 1082 1068 1133 πόρρω
1111 1082 1263 1132 κρήνης
1304 1079 1553 1132 καλουμένης
1599 1082 1804 1132 Οἰνόης.
1847 1081 1914 1120 τὸν
1947 1080 2017 1132 μὲν
2051 1081 2099 1132 δὴ

468 1156 739 1210 Ἐλεφήνορος
780 1164 850 1197 τοῦ
893 1157 1121 1208 Εὐβοεῦσιν
1154 1155 1190 1202 ἐς
1214 1155 1337 1194 Ἴλιον
1368 1154 1627 1207 ἡγησαμένου
1660 1155 1726 1194 καὶ
1757 1156 1824 1195 τὸν
1858 1156 2030 1202 Αἴαντός
2061 1171 2101 1195 τε

474 1233 540 1272 καὶ
590 1235 790 1284 Τεύκρου,
836 1233 985 1271 τούτων
1034 1230 1104 1282 μὲν
1148 1231 1238 1277 τοὺς
1281 1230 1452 1282 πατέρας
1495 1231 1568 1270 οὐκ
1609 1230 1846 1278 ἀποδέξαιτο
1889 1230 1939 1269 ἄν
1972 1247 2025 1277 τις
2059 1230 2100 1269 ἐν

473 1310 596 1364 τούτῳ
638 1312 772 1347 πεσεῖν
814 1315 865 1362 τῷ
909 1306 1044 1359 ἀγῶνι.
1087 1313 1169 1353 πῶς
1208 1304 1279 1356 μὲν
1312 1305 1386 1358 γὰρ
1418 1304 1466 1344 ἂν
1500 1306 1787 1357 συνεπελάβετο
1812 1303 2002 1357 (Ηρακλεῐ
2029 1312 2099 1345 τοῦ

473 1384 589 1436 ἔργου
624 1384 873 1431 Χαλκώδων,
915 1380 962 1420 ὃν
994 1382 1188 1433 πρότερον
1225 1380 1279 1420 ἔτι
1311 1380 1543 1420 ἀποκτεῖναι
1576 1382 1826 1432 Ἀμφιτρύων
1858 1380 1923 1419 καὶ
1956 1396 2102 1431 μαρτυ-

471 1463 593 1509 ρεῖται
639 1457 705 1497 καὶ
748 1458 948 1497 πιστεύειν
989 1455 1079 1504 ἄξιά
1123 1455 1228 1494 ε’στιν
1270 1455 1311 1494 ἐν
1354 1456 1528 1507 Θήβαις;
1559 1463 1642 1503 πῶς
1675 1454 1718 1494 δὲ
1753 1459 1926 1507 Τεῦκρος
1959 1456 2099 1511 ᾤκισεν

471 1532 521 1571 ἂν
567 1537 780 1583 Σαλαμῖνα
824 1532 865 1571 ἐν
909 1532 1061 1587 Κύπρῳ
1103 1532 1219 1570 πόλιν
1262 1531 1453 1581 μηδενός,
1493 1529 1545 1578 ὡς
1577 1530 1820 1583 ἀνέστρεψεν
1853 1530 1896 1569 ἐκ
1932 1532 2100 1583 Τροίας,

475 1608 709 1660 ἐκβαλόντος
744 1607 784 1646 ἐκ
815 1613 882 1658 τῆς
917 1607 1085 1653 οἶκείας;
1118 1606 1172 1652 τίς
1207 1603 1242 1644 δ’
1279 1604 1328 1643 ἂν
1361 1605 1548 1656 ἐξήλασεν
1582 1605 1698 1653 ἄλλος
1729 1605 1835 1656 πλὴν
1864 1604 1883 1645 ὅ
1914 1606 2100 1657 Τελαμὼν

472 1683 623 1732 αὐτόν;
658 1684 758 1734 δῆλα
790 1678 863 1722 οὖν
897 1681 976 1721 ἐστὶ
1010 1682 1278 1721 Χαλκώδοντα
1313 1681 1360 1720 οὐ
1402 1680 1471 1719 τὸν
1503 1680 1541 1728 ἐξ
1575 1681 1756 1733 Εὐβοίας
1789 1680 1854 1720 καὶ
1886 1684 2100 1732 Τελαμῶνα

471 1759 517 1798 οὐ
560 1758 628 1797 τὸν
675 1758 895 1809 Αἰγινήτην
938 1756 1001 1796 ἐπὶ
1039 1754 1219 1803 Ἠλείους
1254 1753 1446 1807 (Ηρακλεῖ
1476 1755 1757 1807 μετεσχηκέναι
1788 1762 1855 1807 τῆς
1888 1757 2100 1808 στρατείας·

471 1832 678 1884 ὁμώνυμοι
712 1831 754 1871 δὲ
786 1831 1023 1882 ἐπιφανέσιν
1055 1831 1197 1883 ἄνδρες
1231 1830 1496 1883 ἀφανέστεροι
1527 1831 1594 1870 καὶ
1627 1831 1689 1881 ἐφ’
1718 1829 1832 1882 ἡμῶν
1860 1830 1914 1870 ἔτι
1940 1831 2006 1870 καὶ
2036 1831 2101 1871 τὸν

468 1908 627 1946 ἅπαντα
660 1907 840 1960 ἐγίνοντο
876 1906 1021 1957 ὁμοίως
1054 1907 1241 1958 χρόνον”.

525 1986 587 2024 Ad
637 1986 795 2024 incitas
843 1986 977 2033 igitur
1017 1984 1219 2023 redactus
1261 1984 1502 2022 Pausanias
1544 1994 1593 2023 eo
1627 1985 1763 2031 venit,
1798 1986 1848 2022 ut
1880 1984 2098 2022 statueret

463 2062 577 2098 hunc
619 2060 901 2099 Telamonem
944 2060 996 2098 ab
1030 2060 1176 2099 Aiacis
1209 2061 1333 2107 patre
1365 2059 1493 2108 plane
1525 2060 1663 2098 fuisse
1696 2060 1938 2107 diversum,
1974 2059 2096 2098 Chal-

463 2137 691 2174 codontem
725 2146 810 2174 non
843 2136 978 2174 fuisse
1013 2136 1190 2174 heroem
1224 2146 1278 2173 ex
1310 2135 1483 2174 Euboea
1515 2136 1763 2174 oriundum.

521 2211 601 2249 Sed
644 2211 881 2249 scholiasta
929 2212 980 2249 ad
1029 2211 1151 2249 Pind.
1197 2211 1259 2252 Ol.
1304 2211 1321 2248 Ι
1368 2211 1448 2248 114
1504 2210 1842 2250 Chalcodontem
1890 2211 2094 2248 numerat

462 2287 576 2324 inter
619 2286 935 2334 Hippodamiae
976 2296 1146 2334 procos,
1182 2285 1285 2324 licet
1317 2295 1416 2323 eum
1451 2288 1672 2335 nuncupet
1704 2296 1791 2325 non
1826 2285 2096 2323 Χαλκώδοντα

462 2362 537 2399 sed
581 2359 799 2398 Χάλκουτα.
842 2363 942 2410 Ipsa
985 2361 1178 2399 nominis
1216 2360 1357 2399 forma
1396 2382 1445 2387 —
1478 2362 1594 2400 recte
1628 2361 1881 2400 observavit
1913 2361 2094 2399 Immer-

461 2437 583 2474 wahr
630 2436 762 2474 Kulte
811 2437 1054 2475 Arkadiens
1102 2447 1140 2484 p.
1180 2437 1259 2474 115
1299 2457 1348 2462 -—
1383 2437 1526 2484 prodit
1568 2447 1667 2475 eum
1710 2437 1848 2475 fuisse
1890 2445 2027 2474 unum
2070 2445 2092 2473 e

458 2512 645 2561 Spartis‚
681 2516 825 2550 ortum
859 2513 991 2559 igitur
1023 2511 1195 2550 Thebis.
1230 2511 1293 2549 Ex
1326 2521 1467 2559 angue
1497 2513 1619 2550 ortus
1648 2512 1896 2559 sepulcrum
1926 2509 2095 2549 invenit

459 2587 584 2624 iuxta
631 2587 797 2624 fontem
847 2587 915 2624 cui
964 2596 1126 2624 nomen
1171 2584 1307 2635 Οἰνόη.
1351 2586 1444 2624 Hoc
1488 2597 1589 2625 vero
1632 2596 1790 2624 nomen
1837 2586 1880 2624 in
1914 2585 2091 2624 Locride

457 2671 625 2708 quoque
668 2662 952 2709 repperimus.
998 2661 1237 2699 Versamur
1278 2661 1413 2708 igitur
1456 2661 1499 2698 in
1541 2661 1771 2699 nominum
1803 2661 1915 2699 serie
1948 2660 2093 2698 media

458 2746 479 2774 e
511 2736 690 2775 Graecia
721 2737 764 2773 in
798 2736 1146 2783 Peloponnesum
1180 2736 1514 2774 translatorum.

515 2812 661 2858 Neque
679 2811 910 2849 observatu
930 2811 1155 2858 indignum
1177 2812 1244 2848 est
1262 2810 1305 2848 in
1319 2810 1637 2859 Hippodamiae
1650 2820 1877 2857 procorum
1893 2810 2091 2858 catalogo

455 2887 597 2925 locum
633 2886 832 2925 obtinere
865 2886 1067 2934 Pelopem
1107 2886 1333 2934 Opzmtium
1367 2887 1467 2930 (vid.
1507 2883 1648 2924 Schol.
1679 2886 1799 2924 Pind.
1830 2886 1891 2924 Ol.
1922 2886 1940 2923 Ι
1971 2886 2087 2933 114),

455 2962 565 3000 unde
599 2964 689 3000 tam
724 2962 884 3000 Robert
916 2972 1046 3009 quam
1076 2962 1247 3010 Gruppe
1274 2961 1512 3000 effecerunt
1539 2961 1856 3009 Hippodamiae
1884 2961 2088 3009 mythum

453 3038 495 3074 in
529 3037 625 3084 ipsa
658 3037 848 3084 Opuntia
881 3039 1037 3075 natum
1072 3038 1170 3075 inde
1205 3037 1455 3084 Olympiam
1490 3047 1587 3075 esse
1620 3036 1846 3074 tralatum.
