2141 3487
830 307 882 333 nn
916 307 1060 335 AIACE.
1682 301 1763 338 119

123 424 322 471 quodque
352 423 534 462 maximi
568 424 637 460 est
669 421 937 465 faciendum,
970 420 1173 469 Dorpfeld
1206 422 1299 469 ipse
1335 423 1400 460 vir
1432 423 1587 460 harum
1621 432 1766 461 rerum

123 499 436 547 peritissimus,
474 498 546 536 ubi
579 498 622 535 in
656 498 766 536 libro
799 507 878 535 suo
911 496 1088 544 saepius
1121 496 1302 535 laudato
1336 497 1424 544 egit
1457 497 1507 536 de
1541 497 1768 535 ruderibus

124 576 308 623 repertis
350 574 391 612 in
435 573 588 612 Troiae
621 573 723 611 sede
756 573 947 621 septima
984 596 1033 601 —
1073 572 1201 620 vulgo
1235 573 1465 611 nominata
1497 575 1627 621 atque
1662 574 1765 611 indi-

125 652 222 688 cata
255 646 354 687 V11²
386 670 456 694 —,
490 659 623 697 quam
671 648 822 687 sedem
868 648 1121 686 habitarunt
1153 648 1356 686 homines
1395 648 1561 687 saeculi
1608 649 1765 687 decimi

126 725 194 764 vel
236 725 360 773 noni⁷
405 725 475 763 ubi
517 725 843 763 demonstravit
886 725 966 762 hac
1006 724 1050 762 in
1083 725 1185 762 sede
1218 726 1391 772 reperta
1423 734 1521 762 esse
1554 724 1764 762 domuum

122 800 368 839 rudimenta
416 801 468 838 ad
512 810 622 848 quas
664 800 980 838 construendas
1023 799 1196 838 barbari
1235 810 1256 838 e
1289 799 1475 837 Thracia
1506 800 1766 838 invadentes

124 876 305 915 minime
352 876 543 914 fuissent
587 876 749 924 idonei,
794 874 926 913 finem
970 875 1075 914 facit
1117 875 1237 913 hisce
1281 875 1450 913 verbis:
1488 875 1766 923 „Allerdings

124 953 296 990 mochte
329 952 398 990 ich
433 962 504 990 am
539 952 722 989 liebsten
758 951 823 990 als
856 951 1046 989 Erbauer
1074 951 1148 989 der
1185 951 1356 990 Hauser
1384 951 1481 989 eine
1518 950 1764 998 qriechische

124 1027 426 1074 Bevolkerung
467 1028 734 1066 annenmen.
779 1027 902 1065 Auch
949 1027 1017 1065 die
1060 1027 1334 1075 Topfwaare,
1371 1027 1438 1065 die
1473 1027 1540 1064 bei
1574 1026 1655 1064 den
1689 1026 1761 1064 Be-

122 1103 358 1141 wohneren
392 1103 534 1141 dieser
565 1102 738 1141 Hauser
770 1104 917 1141 zuei-st
950 1102 1143 1150 austritt‚
1179 1103 1328 1141 wurde
1357 1102 1441 1140 dan
1468 1103 1548 1141 den
1574 1102 1762 1141 altesten

119 1179 395 1228 qriechischen
429 1179 690 1217 Ansiedlern
725 1179 1006 1227 angehoren”
1043 1182 1096 1226 (p.
1133 1179 1247 1224 200).

183 1256 366 1304 Saepius
422 1255 535 1303 apud
585 1256 758 1293 veteres
806 1258 1009 1294 auctores
1057 1255 1263 1293 audimus
1312 1255 1362 1293 de
1411 1256 1765 1304 expeditionibus

125 1332 281 1380 priscis
333 1332 606 1380 temporibus
663 1332 705 1370 in
754 1332 968 1371 Troadem
1016 1332 1163 1381 factis,
1213 1342 1402 1380 quarum
1450 1333 1582 1372 duces
1628 1334 1766 1372 fuisse

127 1409 330 1447 dicuntur
386 1408 468 1446 viri
525 1418 580 1446 ex
636 1409 985 1455 Agamemnonis
1042 1418 1202 1456 genere
1255 1409 1338 1447 orti
1381 1409 1450 1447 vel
1498 1409 1571 1447 alii
1619 1409 1765 1448 claris-

126 1485 242 1523 sima
297 1484 501 1531 gerentes
548 1484 741 1522 nomina.
802 1484 870 1522 Sic
917 1484 1031 1533 apud
1080 1484 1340 1523 Strabonem
1390 1484 1523 1534 (XIII,
1573 1496 1612 1534 p.
1664 1486 1764 1531 582)

127 1560 342 1609 legimus:

191 1633 369 1686 »τέτρασι
409 1633 484 1687 γὰρ
527 1633 576 1685 δὴ
615 1638 769 1686 γενεαῖς
801 1634 1075 1687 πρεσβυτέραν
1108 1636 1210 1686 φασὶ
1242 1635 1313 1687 τὴν
1347 1637 1542 1688 Αἰολικὴν
1575 1637 1765 1677 ἀποικίαν

121 1716 189 1762 τῆς
227 1707 419 1761 Ἰωνικῆς·
464 1709 669 1762 διατριβὰς
713 1708 756 1749 δὲ
793 1712 931 1762 λαβεῖν
963 1710 1031 1750 καὶ
1063 1712 1233 1763 χρόνους
1266 1712 1548 1765 μακροτέρους.
1579 1711 1764 1765 Ὀρέστην

124 1784 196 1837 μὲν
237 1785 311 1838 γὰρ
353 1785 470 1837 ἄρξαι
511 1793 582 1826 τοῦ
621 1786 776 1826 στόλου·
810 1787 955 1826 τούτου
989 1784 1026 1826 δ’
1064 1787 1107 1826 ἐν
1141 1789 1325 1842 Ἀρκαδία
1357 1790 1662 1839 τελευτήσαντος
1696 1790 1764 1829 τὸν

124 1862 215 1914 βίον
241 1861 506 1910 διαδέξασθαι
532 1862 600 1902 τὸν
628 1862 720 1902 υἱὸν
747 1862 873 1902 αὐτοῦ
903 1862 1114 1903 Πένθιλον
1141 1863 1208 1903 καὶ
1235 1868 1451 1916 προελθεῖν
1475 1865 1584 1917 μέχρι
1606 1866 1764 1920 Θρᾴκης

122 1936 313 1989 ἑξήκοντα
354 1937 452 1977 ἔτεσι
484 1945 563 1977 τῶν
600 1941 787 1989 Τρωϊκῶν
820 1939 986 1990 ὕστερον
1020 1937 1082 1978 ὑπ’
1120 1939 1247 1991 αὐτὴν
1281 1940 1353 1991 τὴν
1387 1948 1464 1980 τῶν
1490 1939 1763 1993 ςΗρακλειδῶν

120 2014 176 2061 εἰς
213 2014 526 2065 Πελοπόννησον
558 2015 754 2054 κάθοδον.
788 2010 848 2053 εἶτ’
886 2014 1091 2066 Ἀρχέλαον
1129 2016 1219 2055 υἵὸν
1253 2015 1408 2056 ἐκείνου
1440 2024 1660 2069 περαιῶσαι
1691 2018 1760 2057 τὸν

124 2089 315 2129 Αἰολικὸν
348 2090 488 2129 στόλον
520 2090 574 2137 εἰς
608 2090 678 2141 τὴν
712 2096 788 2129 νῦν
818 2091 1050 2142 Κυζικηνὴν
1088 2091 1160 2142 τὴν
1188 2091 1277 2143 περὶ
1300 2092 1343 2131 τὸ
1373 2094 1615 2133 Δασκύλιον.
1649 2097 1758 2146 Γρᾶν

125 2164 167 2205 δὲ
213 2166 280 2205 τὸν
327 2166 418 2206 υἱὸν
464 2167 609 2206 τούτου
651 2167 718 2206 τὸν
764 2168 960 2207 νεώτατον
1003 2169 1258 2220 προελθόντα
1302 2168 1410 2221 μέχρι
1450 2176 1520 2209 τοῦ
1553 2171 1758 2222 Γρανίκου

123 2248 305 2292 ποταμοῦ
337 2241 404 2282 καὶ
435 2242 814 2294 παρεσκευασμένον
842 2243 1009 2294 ἄμεινον
1036 2252 1255 2297 περαιῶσαι
1281 2246 1324 2285 τὸ
1350 2245 1470 2285 πλέον
1490 2253 1556 2297 τῆς
1575 2254 1760 2298 στρατιᾶς

121 2317 176 2365 εἰς
210 2316 371 2370 Λέσβον
402 2318 468 2357 καὶ
508 2323 717 2371 κατασχεῖν
750 2319 890 2370 αὐτήν.
933 2321 1095 2372 Κλεύην
1129 2319 1171 2360 δὲ
1203 2322 1272 2361 τὸν
1305 2323 1450 2373 Δώρου
1482 2322 1550 2361 καὶ
1583 2322 1760 2362 Μαλαὸν

123 2392 190 2432 καὶ
222 2393 370 2440 αὐτοὺς
402 2393 630 2446 ἀπογόνους
659 2393 776 2442 ὄντας
803 2395 1091 2448 Ἀγαμέμνονος
1119 2402 1363 2451 συναγαγεῖν
1390 2397 1461 2449 μὲν
1484 2399 1556 2450 τὴν
1575 2398 1760 2451 στρατιὰν

123 2468 222 2508 κατὰ
269 2469 336 2508 τὸν
385 2469 508 2508 αὐτὸν
552 2470 698 2521 χρόνον
740 2468 830 2509 καθ’
883 2469 930 2510 ὃν
973 2472 1040 2511 καὶ
1083 2472 1299 2521 Πένθιλος.
1343 2474 1441 2513 ἀλλὰ
1482 2474 1551 2514 τὸν
1584 2473 1655 2524 μὲν
1688 2481 1760 2514 τοῦ

126 2545 333 2584 Πενθίλου
376 2545 516 2585 στόλον
549 2550 709 2597 φθῆναι
741 2546 1023 2598 περαιωθέντα
1056 2548 1098 2587 ἐκ
1130 2555 1198 2600 τῆς
1234 2550 1391 2604 Θρᾴκης
1426 2550 1480 2597 εἰς
1513 2549 1585 2600 τὴν
1619 2551 1761 2589 Ἀσίαν·

125 2621 293 2667 τούτους
337 2619 379 2660 δὲ
419 2620 508 2672 περὶ
549 2621 623 2672 τὴν
667 2623 850 2674 Λοκρίδα
882 2622 948 2662 καὶ
981 2623 1022 2663 τὸ
1058 2625 1228 2676 Φρίκιον
1262 2624 1353 2676 ὄρος
1389 2625 1600 2675 διατρίψαι
1632 2626 1763 2665 πολὺν

124 2695 283 2747 χρόνον·
315 2696 482 2747 ὕστερον
516 2695 558 2736 δὲ
590 2698 810 2749 διαβάντας
843 2699 972 2737 κτίσαι
1009 2699 1081 2749 τὴν
1114 2701 1262 2751 Κύμην
1296 2700 1367 2751 τὴν
1404 2701 1636 2752 Φρικωνίδα
1669 2705 1763 2752 κλη-

123 2774 268 2810 θεῖσαν
301 2770 380 2810 ἀπὸ
413 2778 484 2811 τοῦ
519 2776 725 2824 Λοκρικοῦ
759 2772 922 2824 ὅρους”.

184 2847 360 2887 Orestes
407 2849 537 2897 igitur
581 2850 749 2898 primus
793 2850 877 2889 fuit
919 2852 990 2898 qui
1034 2852 1253 2891 coloniam
1288 2853 1492 2899 deduxit;
1521 2851 1637 2890 filius
1669 2852 1764 2890 eius

123 2923 352 2962 Penthilus
385 2925 513 2962 annis
546 2926 778 2973 sexaginta
810 2928 910 2974 post
943 2926 1116 2965 Troiam
1145 2928 1322 2976 captam
1352 2928 1528 2966 colonos
1553 2927 1606 2965 ad
1633 2927 1761 2965 Thra-

122 2998 237 3037 ciam
285 2999 432 3037 duxit:
484 3001 613 3038 huius
660 2999 775 3039 filius
822 3002 1067 3041 Archelaus
1112 3013 1373 3051 progressus
1418 3004 1486 3041 est
1528 3012 1667 3050 usque
1710 3003 1762 3040 ad
