2141 3487
836 308 888 335 DE
922 308 1068 337 ΑιΑοΕ.
1711 300 1763 336 51

137 426 384 465 mercedem
417 424 615 472 Neptuno
649 423 923 470 denegasset.
958 421 1189 460 Herculem
1222 422 1370 460 autem
1399 421 1572 473 beluam
1598 433 1768 472 aggres-

137 512 235 541 sum
263 500 426 540 auxilio
459 508 544 537 non
573 498 784 546 caruisse,
820 507 920 536 cum
953 497 1129 536 Troiani
1161 497 1394 535 duxissent
1428 507 1653 548 aggerem,
1688 510 1770 547 quo

139 577 325 616 monstri
355 577 568 624 impetum
602 575 792 623 effugere
825 576 976 622 posset
1007 575 1060 619 (Y
1094 574 1203 618 146).
1244 573 1421 622 Virgine
1462 583 1563 613 vero
1595 578 1773 616 servata

138 651 481 691 Laomedontem
515 650 675 689 iterum
708 649 889 688 infidum
925 660 971 688 se
1005 649 1300 698 praestitisse:
1344 659 1479 697 equos
1510 650 1626 689 enim
1659 662 1771 691 mor-

135 726 247 765 tales
289 737 365 776 pro
407 726 735 766 immortalibus
773 726 949 765 Herculi
986 726 1170 765 dedisse.
1204 725 1330 764 Hunc
1363 735 1464 764 vero
1497 736 1581 764 non
1615 729 1769 768 statim

135 813 296 851 poenas
329 814 353 842 a
385 803 636 843 fraudatore
669 804 884 852 exegisse.
918 804 1059 842 Immo
1089 803 1131 841 in
1159 803 1385 841 Graeciam
1415 813 1514 841 eum
1544 813 1770 844 reversum

137 889 272 919 naves
304 890 503 918 armasse
535 891 628 929 sex,
662 890 930 919 convocasse
959 880 1000 918 et
1027 879 1137 918 alios
1164 880 1318 918 heroes
1339 880 1382 917 et
1410 879 1694 919 Telamonem
1716 903 1770 908 —-

137 956 317 996 alterius
350 957 519 996 itineris
545 958 901 1005 Argonautarum
931 957 983 995 ad
1017 957 1170 1005 instar,
1205 957 1279 995 sed
1306 967 1384 995 sex
1414 956 1601 995 navibus
1625 967 1769 996 usum.

137 1031 257 1070 Tunc
302 1033 479 1071 demum
523 1030 764 1078 ἐξαλαπάξαι
793 1031 1027 1071 Herculem
1061 1029 1132 1081 τὴν
1166 1030 1294 1079 πόλιν,
1337 1037 1512 1082 χηρῶσαι
1557 1029 1593 1070 δ’
1631 1031 1771 1085 ἀγυίας

137 1108 189 1152 (Ε
222 1108 306 1147 638
339 1111 446 1156 sqq).
489 1108 715 1147 Telamoni
750 1118 869 1157 vero,
905 1118 1003 1146 cum
1039 1109 1140 1146 ante
1173 1118 1330 1147 omnes
1363 1109 1538 1147 moenia
1570 1119 1772 1148 conscen-

137 1182 289 1233 disset,
325 1185 519 1233 praemio
552 1185 701 1223 datam
730 1194 827 1222 esse
855 1184 1072 1232 virginem
1101 1185 1343 1233 servatam,
1375 1195 1396 1223 e
1424 1194 1508 1232 qua
1534 1186 1773 1233 procrearit

136 1259 368 1299 Teucrum.

196 1336 362 1375 Fabula
409 1336 576 1375 Rhodia
617 1337 680 1376 ita
711 1337 845 1385 igitur
876 1334 1148 1384 amplificata
1189 1337 1277 1385 est,
1314 1337 1363 1374 ut
1395 1336 1572 1376 Telamo
1607 1347 1774 1386 quoque

137 1413 179 1450 in
229 1412 363 1451 Iliade
412 1413 629 1452 obtineret
676 1413 836 1452 locum.
895 1412 1095 1451 Alteram
1149 1411 1561 1462 amplificationem,
1604 1424 1689 1461 qua
1730 1415 1773 1452 et

137 1489 330 1527 Aeacum
362 1489 462 1527 huic
494 1488 667 1527 fabulae
701 1499 922 1527 annexum
958 1488 1095 1527 fuisse
1128 1489 1350 1537 docemur,
1386 1489 1520 1527 refert
1561 1489 1776 1528 Pindarus

137 1563 216 1608 (Ol.
250 1563 364 1613 VIII,
400 1565 490 1614 30),
524 1565 596 1612 qui
629 1565 679 1604 de
713 1565 856 1603 Aeaco
891 1564 1025 1603 habet
1057 1565 1187 1603 haec:

373 1639 441 1678 τὸν
473 1643 566 1686 παῖς
601 1637 620 1678 ὅ
654 1643 816 1686 Λατοῦς
849 1639 1081 1691 εὐρυμέδων
1114 1655 1151 1679 τε
1173 1628 1392 1679 γΠοσειὸᾶν

370 1712 472 1770 Ἰλίῳ
505 1714 711 1766 μέλλοντες
744 1714 807 1754 ἐπὶ
842 1714 1044 1765 στέφανον
1072 1716 1204 1763 τεῦξαι
1232 1715 1449 1755 καλέσαντο
1484 1717 1742 1770 συνεργὸν

375 1791 530 1843 τείχεος.

137 1867 309 1906 Socium
353 1868 513 1907 laboris
554 1869 749 1908 Aeacum
791 1868 873 1907 sibi
916 1868 1126 1907 ascivisse
1159 1869 1410 1918 Neptunum
1446 1872 1490 1908 et
1522 1870 1772 1917 Apollinem

138 1943 264 1982 docet
294 1945 436 1993 poeta.
469 1945 608 1984 Acute
651 1945 905 1984 observavit
936 1944 1173 1992 Didymus:
1221 1944 1359 1994 ,,ι“ὁ’ίως
1397 1944 1461 1983 καὶ
1496 1945 1649 1992 τούτοις
1682 1951 1773 1997 χρῆ-

138 2022 235 2057 σθαι
269 2019 336 2058 τὸν
372 2020 591 2072 Πινδαρον.
635 2019 703 2059 τὸν
735 2018 810 2072 γὰρ
845 2020 1085 2059 Ποσειδῶνα
1117 2018 1183 2058 καὶ
1227 2020 1452 2059 Ἀπόλλωνα
1496 2021 1548 2066 εἷς
1590 2020 1661 2071 τὴν
1702 2027 1772 2060 τοῦ

138 2095 288 2146 τείχους
320 2096 570 2146 κατασκευήν
609 2107 709 2146 φησι
742 2095 809 2134 τὸν
845 2095 998 2134 Αἰακὸν
1031 2097 1294 2147 προσλαβεῖν,
1326 2096 1392 2134 ἵνα
1427 2095 1493 2135 διὰ
1526 2097 1668 2136 τούτου
1702 2103 1772 2136 τοῦ

139 2169 283 2221 μέρους
316 2177 384 2210 τοῦ
421 2171 497 2210 ὑπὸ
531 2171 688 2210 Αἰακοῦ
721 2170 1062 2221 οἰκοδομηθέντος
1095 2169 1293 2222 ἁλώσιμος
1326 2170 1487 2224 γένηται
1520 2169 1543 2222 ἡ
1568 2171 1728 2218 Ἴλιος”.

199 2247 402 2295 Sequitur
433 2249 551 2287 enim
584 2248 695 2297 apud
727 2247 966 2287 Pindarum
999 2251 1078 2293 (vs.
1113 2249 1167 2286 41
1203 2251 1305 2297 sq.),
1345 2248 1593 2297 Apollinem
1622 2249 1772 2287 vatici-

139 2324 294 2362 natum
327 2333 423 2363 esse
455 2324 621 2363 Aeaco:

379 2396 591 2450 Πέργαμος
623 2397 726 2448 ἀμφὶ
758 2401 881 2449 τεαῖς,
913 2398 1039 2450 ἥρως,
1071 2398 1181 2451 χερὸς
1215 2397 1417 2451 ἐργασίαις
1452 2397 1671 2447 ἁλίσκεται,

137 2474 293 2521 quibus
326 2475 472 2513 verbis
505 2475 739 2524 respicitur
772 2476 815 2513 et
854 2476 1093 2514 exornatur
1123 2475 1245 2515 locus
1279 2476 1330 2514 ab
1365 2476 1622 2515 Aristarcho
1654 2477 1774 2515 obelo

141 2552 321 2589 notatus
356 2552 387 2587 Z
421 2550 504 2589 433
539 2560 627 2597 sq.:

377 2624 475 2664 λαὸν
508 2623 550 2664 δὲ
583 2630 729 2675 στῆσον
762 2621 852 2677 παρ’
888 2624 1061 2677 ἐρινεὸν,
1094 2625 1199 2664 ἔνθα
1232 2626 1399 2677 μάλιστα

378 2699 552 2752 ἀμβατός
586 2699 664 2739 ἐστι
696 2700 810 2747 πόλις
843 2699 908 2739 καὶ
942 2700 1159 2753 ἐπίδρομον
1193 2701 1328 2740 ἔπλετο
1362 2705 1496 2753 τεῖχος.

201 2776 283 2815 Sed
310 2777 416 2816 haec
444 2787 560 2815 nunc
583 2777 818 2815 mittimus.
855 2776 932 2826 Qui
962 2788 1062 2816 vero
1087 2778 1277 2826 quaerit,
1307 2779 1420 2817 unde
1448 2778 1636 2827 AeacuS,
1661 2779 1774 2817 unde

140 2851 318 2891 Telamo
351 2852 606 2900 irrepserint
638 2853 682 2891 in
711 2852 914 2902 Iliadem,
943 2863 1029 2892 non
1058 2855 1203 2902 potest
1229 2854 1332 2901 quin
1365 2854 1515 2893 oculos
1544 2856 1775 2893 convertat

142 2927 375 2977 Aeginam,
411 2927 702 2977 Salaminem,
738 2929 951 2967 Athenas,

200 3002 394 3050 Iuppiter
441 3003 560 3042 enim
601 3004 818 3052 Aeginam
863 3004 996 3052 Asopi
1039 3003 1176 3043 filiam
1213 3005 1406 3053 „luserat
1439 3005 1602 3053 ignis”;
1636 3004 1773 3043 filium
