2200 3487
404 342 459 379 60
863 367 870 373 -
1096 352 1149 380 DE
1182 351 1326 379 AIACE.

402 465 606 503 seruisse.
652 465 770 503 Idem
812 465 919 503 liber
962 464 1216 512 comprobat
1257 464 1371 502 inter
1403 465 1620 512 Argorum
1659 465 1825 503 incolas
1857 467 1899 503 et
1929 465 2022 503 Tre-

403 539 531 578 milas
574 542 691 578 certa
732 541 956 578 exstitisse
1001 539 1195 586 vincula;
1241 549 1276 578 e.
1305 550 1343 587 g.
1378 540 1503 587 signa
1534 540 1610 578 illa
1637 541 1879 587 mortifera,
1915 550 2024 587 quae

402 615 582 653 Proetus
624 613 947 662 Bellerophonti
991 615 1184 662 dederat,
1232 613 1438 662 leguntur
1481 617 1610 662 atque
1652 615 1967 663 intelleguntur
2003 624 2028 653 a

400 699 501 737 rege
534 689 844 737 Tremilarum‚
878 690 938 727 ita
970 690 1016 727 ut
1051 689 1287 727 conieceris
1315 688 1460 727 Proeti
1489 690 1690 737 aequales
1718 690 1831 728 haud
1859 689 2026 728 alienos

401 774 425 801 a
472 764 672 801 Tremilis
720 763 871 812 fuisse,
918 765 957 801 in
1002 767 1178 811 utraque
1210 764 1344 811 igitur
1378 766 1599 803 continenti
1630 766 1813 804 homines
1844 765 2023 804 eiusdem

400 839 573 886 crimnis
619 839 851 876 consedisse.
908 839 990 876 Ubi
1038 839 1107 876 hic
1156 838 1388 886 Lyciorum
1438 841 1633 878 nomen?
1680 841 1919 888 Nusquam.
1968 841 2026 878 At

403 913 619 952 Homerus
674 914 844 961 ignorat
902 914 1193 952 Tremilarum
1241 925 1420 963 nomen,
1471 916 1694 963 cognitum
1743 916 1874 955 habet
1921 916 2026 955 illud

400 988 641 1035 Lyciorum.
671 987 856 1025 Athenis
885 997 1053 1035 quoque
1080 988 1185 1036 Lyci
1211 989 1403 1037 priscum
1422 999 1584 1029 nomen
1611 992 1765 1030 notum
1793 992 1902 1039 erat,
1922 1001 2024 1029 nam

398 1063 460 1101 sic
492 1062 788 1111 appellabatur
820 1063 1057 1102 Pandionis
1084 1062 1212 1102 filius
1246 1064 1440 1103 Pandion
1475 1075 1575 1104 vero
1604 1067 1733 1113 atque
1761 1066 2024 1114 Pandareos,

400 1139 556 1186 Lycius
600 1139 744 1186 heros,
789 1139 964 1177 nomine
1003 1141 1104 1177 sunt
1139 1141 1357 1179 coniuncti
1392 1140 1459 1185 (cf.
1495 1139 1738 1191 Πανδαρέου
1773 1142 1898 1191 κούρη
1930 1144 2026 1190 χλω-

400 1212 486 1263 ρηὶς
539 1212 689 1262 ἀηδών,
729 1228 747 1250 τ
780 1214 880 1261 519,
926 1216 967 1252 et
1010 1214 1234 1261 Πανδιονὶς
1277 1216 1442 1266 χελιδών
1486 1217 1656 1265 Sappho
1691 1217 1774 1262 88).
1808 1217 1888 1255 HiS
1920 1216 2026 1255 adde

400 1289 611 1336 Lycaonis
644 1287 781 1327 filium
815 1289 1083 1338 Pandarum,
1119 1291 1191 1338 qui
1218 1291 1374 1339 Lycios
1402 1293 1502 1330 ante
1531 1291 1701 1330 Troiam
1729 1292 1863 1330 ducit:
1893 1291 2026 1330 habes

400 1365 442 1402 in
475 1366 658 1411 utraque
693 1365 934 1403 continenti
968 1367 1164 1414 gentium
1200 1366 1429 1405 affinitatis
1461 1367 1662 1415 vestigia.

458 1439 619 1477 Teucer
662 1439 902 1484 (Graecus):
953 1442 1094 1489 Lycus
1139 1442 1223 1487 (Gr)
1244 1458 1297 1473 =
1319 1442 1472 1481 Teucri
1499 1443 1726 1488 (Troiani):
1761 1443 1880 1490 Lycii
1911 1442 2024 1487 (Tr.).

404 1515 697 1553 Athenienses
741 1515 884 1565 igitur,
936 1518 1007 1563 qui
1055 1518 1096 1555 in
1141 1518 1318 1565 Lyciam
1363 1518 1614 1566 veniebant,
1657 1518 1713 1555 ibi
1746 1519 2028 1566 reppererunt

404 1589 616 1628 Tremilas
649 1591 763 1629 inter
795 1602 902 1638 quos
935 1593 1039 1640 Lyci
1072 1603 1302 1632 nomen—
1323 1594 1511 1633 fortasse
1540 1604 1639 1633 cum
1667 1594 1882 1642 Apollinis
1911 1593 2029 1632 cultu

406 1666 684 1704 coniunctum
726 1688 767 1692 —
807 1668 921 1706 haud
956 1669 1152 1716 ignotum
1187 1671 1303 1716 erat;
1339 1669 1379 1707 id
1412 1679 1570 1708 nomen
1603 1669 1658 1707 iis
1691 1670 1733 1707 in
1765 1669 2025 1707 memoriam

405 1742 628 1779 revocavit
675 1741 908 1781 Pandionis
956 1742 1095 1782 filium
1139 1754 1277 1791 neque
1319 1744 1574 1783 dubitarunt
1613 1744 1774 1793 fingere
1815 1744 2027 1791 fabulam,

404 1826 487 1862 qua
534 1817 602 1855 hic
649 1817 790 1864 Lycus
837 1828 997 1857 nomen
1041 1829 1172 1858 suum
1216 1819 1419 1858 Tremilis
1463 1820 1763 1869 impertivisse
1805 1820 2030 1859 diceretur.

404 1890 540 1938 Quare
573 1892 716 1940 specie
747 1902 833 1931 non
867 1896 1002 1942 caret,
1043 1895 1154 1941 quod
1188 1895 1414 1933 contendit
1447 1895 1552 1934 Fick
1586 1895 1751 1943 (Vorgr.
1797 1895 1942 1933 Ortsn.
1987 1905 2025 1942 p.

407 1967 523 2011 130):
578 1968 646 2015 „in
695 1968 777 2006 den
819 1968 987 2007 Namen
1031 1969 1225 2007 Πανδίων
1268 1970 1406 2016 Λύκος
1446 1970 1553 2018 liegt
1595 1971 1670 2008 der
1701 1970 1889 2018 BeweiS,
1925 1970 2027 2007 dass

400 2042 468 2079 ein
516 2042 607 2081 Teii
655 2043 829 2082 Attikas
869 2045 1178 2084 insbesondere
1221 2046 1288 2084 die
1331 2046 1575 2094 Tetrapolis
1619 2056 1700 2084 von
1744 2045 1930 2093 Lykiern
1961 2045 2023 2083 be-

405 2118 554 2156 wohnt
586 2121 834 2166 gewesen.”

463 2192 680 2232 Homerus
722 2197 869 2234 autem
909 2197 1080 2244 ignorat
1112 2207 1273 2236 nomen
1307 2198 1574 2236 Teucrorum
1607 2198 1655 2235 ut
1690 2196 1793 2234 illud
1828 2195 2032 2235 Tremila-

405 2277 523 2311 rum:
558 2270 678 2307 novit
710 2271 932 2310 Paeonum
966 2282 1125 2311 nomen
1158 2274 1207 2311 ut
1235 2272 1341 2311 illud
1382 2273 1634 2320 Lyciorum,
1662 2272 1784 2309 novit
1816 2271 2029 2309 Teucrum

404 2345 451 2381 ut
484 2344 750 2385 Pandionem
784 2347 1093 2401 (Pandareum,
1127 2349 1405 2393 Pandarum).

463 2419 704 2468 Utrumque
730 2423 958 2472 populum,
988 2425 1082 2462 tam
1113 2424 1303 2463 Teucros
1332 2434 1462 2471 quam
1482 2424 1654 2472 Lycios,
1684 2423 1847 2472 posteri
1866 2433 1887 2461 e
1907 2422 2034 2461 Creta

406 2494 635 2534 oriundum
667 2495 902 2539 finxerunt.
935 2499 1097 2537 Eodem
1130 2499 1240 2548 iure,
1278 2500 1429 2538 eodem
1464 2509 1620 2538 errore.

472 2570 737 2619 Quicumque
785 2574 1011 2614 Graeciam
1060 2575 1202 2623 ipsam
1244 2575 1546 2622 minoremque
1589 2574 1741 2613 Asiam
1783 2573 1863 2612 sub
1896 2583 2031 2611 unum

404 2652 684 2698 conspectum
718 2651 979 2699 coniungere
1011 2660 1149 2698 neque
1181 2660 1256 2698 pro
1289 2651 1420 2689 terris
1452 2649 1683 2688 disiunctis
1715 2648 1874 2687 habere
1907 2648 2031 2696 velit,

407 2736 506 2764 eum
550 2727 700 2764 eadem
744 2727 922 2765 nomina
963 2736 1038 2774 per
1079 2728 1310 2773 utramque
1345 2725 1646 2764 continentem
1678 2724 1874 2772 dispersa
1906 2725 1949 2762 et
1981 2723 2033 2761 ab

406 2802 596 2840 Homero
638 2802 730 2839 tam
773 2801 948 2840 Graecis
990 2811 1122 2849 quam
1165 2801 1362 2840 Troianis
1394 2800 1592 2849 partibus
1635 2799 1847 2838 attributa
1887 2798 2034 2836 minus

406 2876 592 2915 moleste
626 2873 858 2916 habebunt.
890 2877 1050 2915 Gentes
1081 2877 1347 2925 emigrantes
1382 2878 1424 2914 et
1451 2885 1588 2914 novas
1615 2875 1740 2913 sedes
1773 2874 2035 2921 quaerentes

408 2962 544 3000 neque
593 2963 618 2990 a
663 2953 886 2991 maritimo
947 2953 1208 2992 commercio
1266 2952 1591 2999 abstinuerunt,
1645 2960 1784 2996 neque
1830 2949 1932 2996 quin
1981 2958 2034 2986 ex

408 3027 579 3075 Europa
625 3027 666 3065 in
717 3028 866 3065 Asiam
916 3028 985 3066 vel
1034 3029 1128 3067 vice
1172 3038 1298 3067 versa
1339 3027 1677 3075 commigrarent
1720 3025 1914 3074 longiore
1962 3033 2036 3071 per
