2141 3487
611 325 663 353 DE
697 324 984 354 EUGAMMONJS
1015 324 1273 353 TELEGONIA.
1677 320 1758 358 193

131 441 278 479 futura
310 440 581 489 praedicendi
616 440 845 477 incitatum
883 440 923 476 vi
957 439 1030 476 illa
1062 441 1205 477 terrae
1236 449 1345 486 quae
1377 440 1560 487 Pythiae
1592 453 1760 491 quoque

132 520 326 555 mentem
359 516 506 554 divino
535 515 687 553 afflatu
715 514 960 553 concitabat
985 511 1025 558 1).
1055 514 1163 552 Nam
1191 515 1306 552 sicut
1333 517 1463 554 ceteri
1492 517 1548 554 dii
1567 518 1760 558 Chthonii

129 593 303 631 oracula
349 591 535 629 edebant
583 590 651 629 vel
698 591 844 638 potius
886 590 1040 638 sopitis
1082 590 1437 638 insusurrabant,
1480 593 1543 631 sic
1583 592 1761 643 Delphis

129 668 235 716 ipsis
269 670 370 705 ante
403 667 619 715 Apollinis
651 667 891 705 adventum
925 666 1008 704 fuit
1042 668 1226 712 μαντεῖον
1258 665 1439 716 χθόνιον,
1474 670 1585 716 quod

544 742 828 787 ποικιλόνωτος
862 740 1034 787 οἰνωπὸς
1067 741 1225 790 δράκων

546 825 679 872 σκιερᾷ
710 818 950 868 κατάχαλκος
983 815 1167 871 εὐφύλλῳ
1201 817 1336 870 δάφνα

544 900 615 944 γᾶς
646 894 842 942 πελώριον
870 892 983 943 τέρας
1015 891 1174 942 ἄμφεπε
1197 891 1239 939 ²).

129 971 361 1019 Trophonii
411 973 558 1008 autem
609 970 835 1008 oraculum
878 970 1045 1007 mansit
1087 970 1198 1017 quod
1246 970 1371 1010 initio
1415 972 1557 1012 fuerat
1599 985 1649 1014 ac
1686 987 1762 1025 per

128 1046 276 1084 omnia
322 1046 498 1083 saecula
540 1045 801 1083 incubatione
844 1045 993 1083 futura
1034 1046 1359 1094 praesagiebat,
1403 1048 1619 1095 Apollinis
1659 1063 1760 1091 vero

127 1131 303 1159 sacrum
353 1119 533 1167 Dionysi
583 1120 749 1158 cultum
797 1121 1063 1158 ecstaticum
1109 1120 1152 1158 in
1195 1130 1242 1158 se
1284 1123 1447 1170 recepit
1480 1126 1523 1162 et
1554 1135 1763 1175 responsa

127 1197 255 1235 dabat
302 1195 568 1244 viyilantibus
611 1206 685 1243 per
729 1196 1003 1234 sacerdotem
1040 1196 1254 1234 instinctu
1289 1197 1435 1237 divino
1467 1199 1686 1241 furentem
1716 1198 1760 1248 3).

130 1272 479 1311 Admirationem
530 1273 643 1310 certe
686 1273 836 1309 movet
885 1271 1135 1310 constantia
1173 1271 1407 1320 Trophonii
1448 1275 1616 1324 cultus;
1657 1288 1758 1318 nam

127 1348 270 1387 fuerat
306 1347 503 1394 aequalis
546 1347 667 1385 illius
709 1347 982 1395 Aesculapii,
1028 1357 1155 1394 quem
1199 1347 1397 1386 Thessali
1439 1349 1614 1391 Triccae
1656 1354 1764 1394 locis

127 1423 426 1462 subterraneis
474 1422 789 1471 implorabant,
840 1422 1015 1461 saeculo
1058 1425 1204 1461 autem
1249 1423 1460 1463 Hadriani
1501 1426 1763 1470 immutatus

127 1501 393 1539 imminutus
442 1501 577 1539 etiam
623 1501 733 1548 apud
779 1499 968 1538 Graecos
1009 1502 1052 1538 et
1083 1500 1292 1538 barbaros
1325 1502 1438 1540 vixit
1467 1502 1699 1553 floruitque
1717 1502 1762 1552 ⁴).

128 1577 396 1625 Agamedem
449 1578 595 1614 autem
647 1578 690 1614 et
737 1575 1034 1623 Trophonium
1082 1575 1235 1614 heroes
1276 1576 1416 1615 factos
1460 1580 1503 1616 et
1534 1579 1586 1617 ob
1619 1584 1759 1621 artem

128 1650 383 1690 aedificandi
426 1652 538 1699 apud
582 1651 898 1690 Orchomenios
940 1651 1182 1689 celebratos
1215 1662 1239 1689 a
1272 1652 1430 1700 Minyis
1462 1654 1505 1691 in
1539 1655 1763 1706 Triphylia

128 1737 297 1774 quoque
325 1737 421 1765 esse
448 1727 608 1775 cultos,
639 1727 748 1765 nihil
777 1727 923 1765 obstat
952 1727 1188 1774 quominus
1216 1729 1461 1768 credamus.
1489 1731 1631 1778 Atque
1648 1734 1762 1774 hanc

128 1812 297 1849 quoque
324 1803 376 1840 ob
405 1812 585 1841 causam
615 1813 714 1841 cum
741 1803 909 1850 Augiae
937 1803 1113 1840 nomine
1142 1804 1184 1840 in
1214 1806 1319 1842 nota
1342 1804 1489 1843 fabula
1505 1808 1760 1849 coniunctos

127 1888 203 1917 eos
248 1888 345 1916 esse
388 1878 588 1925 arbitror,
634 1881 680 1916 ut
723 1878 1022 1916 illustraretur
1065 1879 1311 1926 Minyarum
1354 1881 1578 1928 ingenium
1618 1886 1759 1934 magis

127 1955 324 1999 acutum,
369 1964 453 2001 quo
495 1954 669 1992 invisus
701 1953 774 1992 ille
805 1954 970 2001 Augias
1003 1954 1274 2002 lepidissime
1307 1960 1425 1995 esset
1456 1957 1686 1999 fraudatus
1717 1964 1760 2001 et

125 2028 388 2068 ludificatus.
434 2029 551 2078 Quae
588 2030 705 2068 enim
749 2029 835 2068 alia
868 2039 1000 2068 causa
1032 2030 1200 2077 Minyas
1233 2041 1488 2078 permovere
1520 2035 1676 2085 potuit,
1710 2040 1758 2077 ut

128 2115 288 2144 nornen
322 2105 473 2153 Hyriei
506 2115 604 2143 cuni
640 2105 809 2152 Augiae
842 2106 1099 2143 mutarent?
1132 2106 1189 2143 At
1221 2107 1469 2153 Agamedes
1500 2112 1543 2147 et
1575 2110 1759 2160 Tropho-

128 2182 227 2219 nius
271 2181 352 2229 illi,
395 2181 468 2228 qui
516 2181 704 2228 Augiam
753 2181 1018 2228 deceperunt
1064 2183 1106 2219 et
1153 2182 1308 2220 heroes
1351 2183 1646 2235 Orchomenii,
1690 2190 1762 2236 qui

128 2257 365 2295 deluserunt
406 2255 632 2304 Hyriewm,
678 2255 794 2294 idem
836 2265 921 2294 non
965 2255 1162 2294 fuerunt!
1207 2257 1337 2296 Teste
1372 2260 1489 2297 enim
1522 2259 1710 2302 Charace
1731 2260 1759 2309 5)

130 2331 349 2383 Ἀγαμήδης
398 2329 561 2381 ἅρχων
609 2330 918 2381 Στυμφήλου
965 2337 1033 2382 τῆς
1080 2332 1284 2383 Ἀρκαδίας
1327 2332 1461 2385 ἐγάμει
1497 2332 1764 2389 Ἐπικάστην,

177 2484 200 2526 ¹)
222 2485 353 2524 Cicero,
377 2486 419 2515 de
443 2484 556 2515 Divin.
582 2485 598 2514 I
625 2486 642 2522 ξ
663 2487 715 2516 38.

171 2545 196 2583 2)
224 2547 336 2585 Iphig.
359 2547 460 2576 Taur.
487 2547 582 2575 1245.

174 2605 199 2647 3)
223 2606 273 2639 Cf.
299 2607 467 2637 Rohdium
499 2607 632 2644 Psyche
658 2607 692 2636 II
719 2608 771 2636 59.

171 2665 195 2707 ⁴)
221 2668 340 2705 Neque
365 2666 574 2697 comicorum
601 2668 850 2697 insectationes
872 2668 914 2697 ad
934 2667 1002 2698 vim
1023 2669 1125 2700 huius
1146 2671 1322 2709 religionis
1336 2674 1557 2704 minuendam
1573 2676 1761 2713 quidquam

128 2727 291 2764 valuisse,
316 2737 427 2766 neque
453 2727 657 2758 Dicaearchi
683 2731 859 2768 κατάβασιν
883 2730 923 2763 εἰς
951 2732 1131 2770 Τροφωνίου
1156 2730 1231 2761 eius
1253 2733 1452 2762 auctoritati
1475 2736 1646 2775 nocuisse,
1667 2737 1766 2766 docet

129 2790 164 2819 G.
189 2790 227 2819 O.
251 2789 395 2819 Mueller
419 2789 520 2819 Orch.
546 2790 562 2818 I
587 2798 619 2827 p.
648 2789 722 2828 151,
744 2788 804 2827 qui
825 2790 944 2819 laudat
965 2791 1105 2820 oracula
1126 2792 1208 2822 data
1229 2793 1271 2822 de
1287 2795 1381 2824 exitu
1395 2803 1534 2833 pugnae
1546 2796 1762 2833 Leuctricae,

123 2849 165 2879 de
187 2852 296 2879 morte
320 2850 484 2888 Philippi,
509 2849 551 2879 de
576 2850 729 2879 victoriis
755 2850 888 2887 Sullam
915 2860 1048 2881 necnon
1071 2857 1319 2884 commemorat
1347 2855 1446 2884 ludos
1468 2856 1626 2893 publicos
1647 2859 1760 2887 aetate

122 2909 288 2940 Hadriani
321 2911 504 2940 Lebadeae
538 2909 684 2947 habitos,
717 2913 752 2940 et
784 2912 925 2941 oracula
957 2911 999 2941 de
1032 2912 1173 2943 civitate
1199 2923 1351 2951 romana,
1377 2925 1465 2952 quae
1490 2917 1703 2954 Eutychides
1728 2919 1761 2947 in

124 2980 228 3001 unum
255 2972 416 3001 volumen
442 2971 592 3001 collecta
614 2980 632 3000 a
658 2972 713 3000 Tr.
739 2971 921 3009 accepisse
946 2971 1138 3002 dicebatur.

173 3029 200 3071 5)
227 3031 338 3062 Schol.
366 3032 454 3062 Nub.
481 3033 557 3061 508.

167 3088 358 3116 ViiRTHEIM.
1624 3094 1657 3121 13
