2141 3487
631 318 684 344 DE
717 317 1004 345 EUGAMMONIS
1036 316 1292 344 'raLEG0N1A.
1694 309 1773 346 189

149 432 360 480 amplexi,
409 441 507 469 cum
551 431 602 469 ob
645 432 788 479 ipsum
833 432 1054 469 auctorem
1098 432 1192 468 tum
1237 431 1288 468 ob
1331 432 1607 477 argumenta,
1649 433 1780 479 digna

148 509 215 545 est¹
241 517 352 554 quae
381 507 628 545 accuratius
656 508 959 555 perpendatur.
989 508 1237 556 Minyarum
1266 508 1480 546 coloniam
1507 508 1779 546 Orchomeno

148 582 385 630 profectam
419 582 460 619 in
493 582 718 631 Triphylia
751 583 1000 622 consedisse
1031 583 1157 622 docet
1190 583 1257 621 vel
1285 593 1443 621 nornen
1471 583 1594 620 fluvii
1620 583 1779 630 Minyei

149 660 204 700 (A
236 658 355 705 722),
389 658 503 704 quod
532 658 686 697 Strabo
715 659 849 706 (VIII,
880 660 980 703 347)
1008 658 1287 706 probabiliter
1305 658 1538 697 admodum
1561 658 1777 705 aMinyis.

149 735 220 781 qui
263 745 314 773 ex
361 735 632 774 Orchomeno
676 735 862 783 Minyeio
909 746 1008 774 cum
1057 734 1258 773 Chloride
1306 734 1502 773 Nestoris
1548 734 1689 771 matre
1737 734 1779 771 in

150 809 495 858 Peloponnesum
554 811 884 858 immigrarunt‚
943 811 1130 849 deducit.
1189 810 1387 848 Nestoris
1443 819 1546 848 vero
1590 809 1778 857 patriam

147 884 283 923 fuisse
326 886 481 933 Pylum
531 886 782 935 Triphyliae,
826 896 956 924 nemo
998 885 1191 933 negabit,
1237 886 1306 933 qui
1349 885 1392 923 in
1438 885 1631 923 Muelleri
1671 883 1780 922 libro

148 963 201 1008 (p.
237 962 337 1005 364)
371 962 603 1009 perlegerit
630 962 971 1009 disputationem
1000 961 1051 1000 de
1078 961 1190 999 bello
1219 971 1318 999 cum
1347 960 1475 1008 Epeis
1494 961 1609 1007 acto,
1631 959 1780 997 elibro

151 1036 383 1075 undecimo
425 1037 573 1076 Iliadis
621 1040 738 1076 noto.
783 1036 904 1085 Quis,
949 1038 997 1074 ut
1041 1046 1176 1074 unum
1220 1037 1533 1083 argumentum
1578 1034 1779 1081 afferam,

148 1112 296 1151 credat
326 1123 477 1161 pecus,
512 1114 622 1161 quod
655 1114 698 1151 in
726 1112 845 1151 Elide
872 1114 1103 1159 coegerant
1130 1111 1259 1159 Pylii,
1287 1122 1376 1149 una
1404 1112 1529 1149 nocte
1556 1110 1600 1148 in
1626 1109 1776 1148 urbem

150 1187 464 1227 Messeniacam
498 1189 568 1236 agi
599 1189 793 1237 potuisse
826 1188 893 1232 (ef.
928 1190 966 1224 A
1000 1188 1085 1225 683
1120 1187 1231 1234 sq.)?

209 1263 265 1302 Hi
290 1263 423 1311 igitur
451 1264 621 1311 Minyae
647 1263 837 1311 lepidam
865 1263 1165 1301 narrationem
1195 1262 1248 1299 de
1275 1271 1376 1309 rege
1404 1261 1565 1308 Hyrieo
1589 1270 1739 1299 secum
1759 1270 1781 1297 e

147 1340 288 1386 patria
320 1339 564 1378 attulerunt
597 1341 638 1378 et
672 1340 716 1377 in
743 1338 966 1386 Triphylia
991 1348 1067 1386 pro
1095 1337 1273 1375 nomine
1301 1337 1451 1384 Hyriei
1479 1336 1585 1375 illud
1615 1336 1781 1384 Augiae

148 1416 403 1462 posuerunt.
462 1415 579 1453 Esto.
628 1415 710 1453 Sed
759 1425 833 1453 cur
879 1414 1107 1452 fecerunt?
1154 1413 1238 1451 Cur
1285 1413 1328 1450 in
1372 1412 1596 1460 Triphylia
1636 1412 1782 1459 potius

151 1489 354 1528 volebant
404 1500 594 1537 narrare,
644 1489 862 1536 quomodo
915 1488 1078 1536 Augias
1127 1498 1256 1535 quam
1307 1489 1380 1534 qui
1427 1487 1617 1535 Hyrieus
1664 1488 1782 1525 esset

149 1566 396 1614 spoliatus?
443 1565 580 1603 Nemo
627 1574 713 1603 non
762 1564 1062 1612 respondebit:
1111 1564 1312 1610 quoniam
1358 1563 1401 1600 in
1443 1562 1563 1600 Elide
1606 1561 1780 1600 easdem

149 1644 298 1688 partes
341 1641 554 1678 adversus
597 1650 672 1678 eos
715 1639 870 1687 agebat
902 1639 1085 1687 Augias,
1121 1638 1277 1685 quibus
1310 1638 1500 1685 Hyrieus
1533 1637 1576 1674 in
1608 1637 1790 1675 Boeotia

148 1725 322 1764 semper
363 1717 458 1753 erat
498 1715 688 1754 functus.
732 1715 836 1753 Erat
877 1715 993 1752 enim
1026 1716 1210 1760 uterque
1242 1714 1491 1760 Minyarum
1525 1712 1667 1750 hostis
1699 1722 1788 1760 per·

148 1792 323 1839 petuus,
373 1790 512 1829 hostis
555 1790 707 1838 opibus
750 1790 990 1828 abundans.
1036 1788 1290 1837 significare
1334 1788 1466 1836 igitur
1508 1788 1588 1825 hoc
1630 1788 1785 1835 mytho

150 1866 354 1905 volebant
385 1867 554 1914 Minyae
587 1866 794 1914 Augiam‚
829 1865 932 1903 licet
964 1865 1117 1913 opibus
1144 1863 1438 1912 praevaleret,
1468 1863 1643 1910 ingenio
1670 1864 1787 1900 certe

147 1941 254 1989 ipsis
304 1951 403 1980 esse
454 1941 691 1989 imparem,
742 1940 1114 1988 quemadmodum
1161 1940 1331 1977 furtum
1380 1948 1404 1976 a
1452 1938 1697 1985 Trophonio
1744 1938 1787 1975 in

147 2017 359 2064 Hyrieum
392 2018 682 2055 commissum
712 2015 954 2054 celebrarat
981 2016 1125 2053 maius
1153 2014 1398 2062 ingenium,
1429 2014 1641 2051 acriorem
1666 2023 1787 2060 saga—

148 2092 325 2130 citatem
359 2092 768 2131 Orchomeniorum.
795 2092 904 2130 Nam
934 2091 1082 2129 fabula
1110 2091 1160 2129 de
1188 2090 1423 2138 Trophonii
1452 2090 1619 2127 astutia
1645 2090 1789 2137 magis

148 2167 423 2205 recondit-um
466 2168 638 2214 quidem
684 2167 892 2216 primitus
928 2166 1143 2205 habuerat
1174 2176 1375 2213 sensum,
1411 2165 1487 2203 sed
1518 2165 1643 2202 iuxta
1675 2165 1787 2202 hanc

147 2241 531 2290 significationem,
590 2253 722 2289 quam
779 2243 876 2291 ipsa
923 2244 1106 2280 naturae
1153 2241 1458 2289 phaenomena
1500 2239 1785 2287 praebebant,

146 2317 329 2355 inventa
371 2319 438 2355 est
481 2317 586 2364 alia,
632 2327 742 2364 quae
785 2317 945 2365 populo
984 2316 1300 2365 pedetemptim
1336 2326 1361 2353 a
1392 2315 1562 2362 mythis
1594 2315 1790 2362 physicis

147 2391 337 2430 alienato
381 2393 423 2429 et
464 2392 516 2429 ad
560 2392 918 2430 rationalismum
962 2400 1177 2439 propenso
1219 2389 1478 2428 satisfacere
1510 2392 1673 2437 posset.
1710 2389 1787 2437 Qui

145 2467 265 2505 enim
307 2469 433 2505 erant
476 2467 707 2505 architecti
744 2467 806 2505 illi
840 2466 1141 2512 Orchomenii;
1177 2466 1278 2513 quid
1311 2465 1395 2504 sibi
1427 2465 1603 2503 volebat
1635 2465 1787 2511 Hyriei

145 2542 220 2580 illa
260 2543 401 2589 gaza?
438 2542 652 2581 Thesauri
686 2553 708 2580 e
741 2542 851 2580 cella
883 2542 1171 2580 subterranea
1202 2541 1416 2590 protracti
1447 2541 1620 2589 proprio
1653 2550 1786 2578 sensu

147 2619 273 2655 erant
305 2618 471 2665 fruges,
507 2627 615 2664 quas
647 2617 862 2655 mortales
894 2618 987 2655 arte
1020 2627 1070 2655 ac
1102 2617 1250 2655 labore
1283 2618 1429 2654 terrae
1458 2625 1480 2653 e
1509 2615 1677 2662 gremio
1705 2606 1785 2652 sib'i

145 2692 380 2739 parabant;
414 2692 691 2740 Trophonius
722 2692 793 2729 vel
820 2691 1089 2739 Trephonius
1118 2691 1169 2729 ab
1198 2691 1366 2738 origine
1394 2691 1488 2728 erat
1506 2690 1611 2727 deus
1630 2689 1786 2736 aliquis

147 2767 410 2815 fertilitatis,
443 2768 517 2814 qui
545 2768 645 2815 post
676 2766 856 2814 longam
889 2767 1157 2814 siccitatem,
1177 2768 1228 2804 ut
1259 2765 1456 2813 pluviam
1484 2764 1701 2810 mitteret,
1733 2763 1784 2801 ab

147 2843 399 2881 hominibus
431 2842 514 2880 rite
547 2841 766 2880 orabatur.
800 2841 900 2879 Mox
934 2840 1172 2888 Clymenus
1205 2841 1246 2886 (i.
1282 2851 1317 2878 e.
1354 2838 1454 2885 Ζεὺς
1482 2838 1688 2887 Κλύμενος
1717 2838 1785 2875 vel

151 2917 459 2966 Περικλύμενος)
493 2927 625 2955 avum
659 2916 754 2954 eius
779 2916 1155 2964 repraesentabat,
1185 2916 1278 2963 ipse
1307 2914 1580 2962 Trophonius
1608 2914 1785 2959 antiquo

144 2992 324 3030 nomine
351 2994 527 3030 servato
558 2993 681 3030 vates
710 2990 860 3039 fiebat,
890 2991 1048 3029 tertius
1074 2991 1321 3037 Agamedes
1341 2990 1379 3034 (i.
1401 3000 1436 3029 e.
1456 2988 1786 3041 sagacissimus)
