2141 3487
829 286 882 313 DE
918 286 1058 313 AIACE.
1707 276 1760 313 55

133 401 294 452 Τρώων,
335 398 376 446 ὃς
422 405 496 437 νῦν
542 397 560 436 ὁ
596 397 803 439 Ξυπετεὼν
836 396 998 449 λέγεται,
1037 400 1237 448 Τεύκρους
1272 395 1314 435 δὲ
1347 396 1521 448 μηδένας
1555 396 1688 435 ἐλθεῖν
1722 395 1763 434 ἐκ

130 484 196 528 τῆς
231 476 400 528 Κρήτης·
434 481 499 525 τῆς
533 472 575 513 δὲ
607 474 704 526 πρὸς
738 474 829 521 τοὺς
858 474 1052 520 Ἀττικοὺς
1081 472 1296 524 ἐπιπλοκῆς
1325 480 1401 512 τῶν
1433 473 1579 525 Τρώων
1606 471 1762 511 τιθέασι

128 555 290 603 σημεῖον
332 549 397 589 καὶ
429 549 470 589 τὸ
502 547 589 601 παρ’
627 548 868 601 ἀμφοτέροις
897 546 1155 600 Ἐριχθόνιόν
1188 564 1275 587 τινα
1307 547 1497 601 γενέσθαι
1530 554 1608 587 τῶν
1641 546 1758 598 ἀρχη-

129 629 279 680 γετῶν”
314 626 470 672 (strab.
506 626 628 675 XIII,
666 627 780 671 604).

190 702 268 752 Qui
300 702 463 741 fuerint
496 701 539 739 hi
573 699 684 739 ἄλλοι
718 701 842 740 docet
874 701 1112 748 Dionysius
1145 700 1442 750 Halie.1,61:
1481 705 1646 749 ῃτοῦτον
1680 698 1762 745 (τὸν

131 781 321 829 Τεῦκρον)
365 775 476 815 ἄλλοι
518 791 556 815 τε
589 775 728 815 πολλοὶ
759 774 826 814 καὶ
862 775 1104 825 Φανόδημος
1138 773 1157 814 ὁ
1191 781 1262 826 τῆν
1297 773 1470 824 Ἀττικὴν
1501 774 1659 827 γράψας
1693 773 1759 825 ἀρ»

124 853 353 905 χαιολογίαν
403 851 443 891 ἔκ
494 858 560 903 τῆς
611 855 779 902 Ἀττικῆς
823 851 1056 902 μετοικῆσαί
1096 862 1222 900 φασιν
1265 851 1318 897 εἰς
1360 849 1432 900 τὴν
1466 850 1597 888 Ἀσίαν
1630 850 1761 900 δήμου

123 929 376 976 Ξυπετεῶνος
409 928 621 980 ἅρχοντα”.
683 929 960 967 Revocamur
991 928 1125 976 igitur
1158 928 1210 966 ad
1244 926 1632 975 AtthidographOS.

185 1005 291 1055 Quid
334 1005 620 1044 statuendum
655 1004 697 1043 in
733 1014 777 1043 re
810 1005 902 1043 tam
937 1003 1058 1042 aleae
1090 1004 1252 1051 plena?
1285 1003 1517 1051 Triplicem
1553 1002 1760 1040 narratio-

121 1092 221 1121 nem
255 1082 306 1120 de
338 1081 603 1120 Teucrorum
633 1080 803 1128 origine
832 1080 1071 1119 habemus:
1099 1079 1355 1128 provenisse
1383 1088 1458 1117 eos
1484 1078 1551 1117 vel
1573 1087 1594 1116 e
1613 1077 1762 1116 Cilicia

123 1154 335 1206 Trachea,
366 1156 434 1195 vel
463 1167 484 1194 e
513 1155 660 1205 Creta,
692 1155 759 1194 vel
785 1165 839 1194 ex
867 1155 1024 1194 Attica.
1054 1156 1112 1193 At
1135 1164 1186 1193 ex
1217 1155 1297 1193 hac
1322 1154 1460 1193 triade
1478 1153 1765 1192 Kretschmer

124 1243 210 1272 non
241 1232 472 1271 infeliciter
504 1242 638 1270 unam
673 1232 859 1281 amovit,
889 1241 1047 1285 nempe
1075 1231 1290 1279 originem
1319 1229 1592 1279 Cretensem,
1622 1229 1765 1268 obser·

129 1319 238 1348 vans
270 1308 461 1347 Milesios
494 1307 612 1355 ipsos
645 1317 692 1345 se
726 1317 781 1345 ex
808 1307 889 1345 hac
916 1307 1060 1345 insula
1088 1306 1295 1345 oriundos
1322 1305 1470 1354 palam
1499 1305 1762 1354 declarasse,

130 1395 212 1433 quo
246 1384 413 1423 factum
448 1393 544 1422 esse
579 1384 626 1421 ut
660 1382 892 1431 Gergithes
926 1392 1096 1430 quoque
1129 1382 1265 1421 Mileti
1298 1382 1567 1429 antiquiores
1600 1380 1769 1420 incolae

129 1461 228 1500 inde
262 1460 435 1499 venisse
469 1460 764 1499 crederentur.

191 1536 309 1585 Quod
356 1536 409 1574 ad
457 1535 669 1584 originem
718 1535 899 1574 atticam
943 1534 1125 1583 attinet,
1170 1534 1372 1581 quisnam
1418 1533 1768 1581 atthidographis

129 1622 348 1659 nusquam
392 1621 477 1650 non
516 1611 691 1650 colonos
724 1611 1020 1649 Athenienses
1053 1609 1365 1658 indagantibrs
1398 1608 1526 1648 fidem
1562 1607 1768 1647 habebit?

128 1687 340 1737 Quidquid
384 1697 530 1726 eorem
571 1687 728 1726 iudicio
770 1696 825 1725 ex
867 1686 1015 1724 Attica
1058 1686 1278 1734 provenit,
1325 1696 1410 1724 non
1463 1686 1548 1724 nisi
1597 1687 1764 1724 statera

125 1764 348 1812 exactum,
377 1762 524 1811 lapide
551 1762 686 1810 Lydio
712 1763 956 1811 tentatum,
986 1772 1010 1800 a
1037 1760 1359 1800 scrutatoribus
1387 1761 1611 1800 historicis
1638 1762 1750 1800 intro

126 1839 245 1878 mitti
291 1838 416 1878 solet.
467 1838 690 1887 Quinimo,
733 1838 822 1876 iam
864 1838 976 1876 hanc
1019 1836 1072 1876 ob
1116 1847 1295 1876 causam
1339 1838 1616 1885 suspectum,
1661 1838 1761 1884 quid

125 1915 237 1964 dico,
272 1914 434 1953 falsum
462 1913 698 1962 fictumque
732 1913 916 1963 videtur,
951 1912 1158 1960 quoniam
1190 1913 1242 1951 ab
1276 1913 1626 1961 Atthidographo
1644 1913 1759 1952 nobi-

126 2000 250 2030 scum
282 1990 648 2029 communicatur.

186 2065 345 2105 Contra
389 2065 439 2104 de
481 2065 645 2114 origine
689 2065 906 2104 Ciliciensi
947 2065 1118 2104 dubitat
1158 2075 1274 2104 unus
1317 2067 1360 2105 et
1391 2065 1515 2114 alter,
1549 2076 1624 2114 pro
1659 2075 1761 2104 vera

128 2141 290 2180 habent
321 2142 465 2181 multi.
499 2141 655 2190 Ecquis
687 2143 738 2180 de
771 2143 877 2191 ipsis
912 2142 1089 2181 Teucris
1121 2141 1324 2180 dubitat?

186 2217 338 2256 Teucri
387 2218 561 2256 Troiani
602 2221 725 2267 sunt,
769 2218 832 2256 ita
875 2218 1049 2257 discunt
1092 2218 1215 2267 pueri
1255 2218 1397 2256 nostri
1437 2219 1480 2257 in
1524 2218 1759 2257 subselliis.

128 2294 278 2332 Nonne
319 2294 431 2342 apud
464 2293 705 2342 Vergilium
740 2294 961 2333 exclamat
994 2295 1130 2333 miser
1163 2294 1384 2333 Laocoon:
1421 2304 1556 2343 „equo
1590 2304 1642 2332 ne
1676 2303 1759 2333 cre·

128 2369 214 2409 dite
258 2369 463 2408 Teucril”
510 2370 598 2419 Quo
632 2381 734 2410 vero
766 2372 963 2420 ternpore
997 2381 1159 2410 nomen
1191 2371 1297 2410 illud
1330 2371 1614 2420 Teucrorum,
1649 2371 1762 2418 quod

127 2445 239 2495 apud
268 2445 530 2494 Homerum,
562 2446 663 2485 licet
695 2448 787 2486 tam
820 2449 863 2486 et
895 2448 961 2486 tot
994 2447 1140 2486 varias
1171 2448 1370 2486 nominet
1397 2448 1569 2496 gentes,
1599 2447 1763 2485 frustra

128 2521 362 2569 quaeritur,
407 2521 451 2559 in
494 2520 637 2560 lucem
671 2521 861 2569 prodiit?
903 2521 1097 2561 Callinus
1129 2522 1345 2572 Ephesius
1378 2522 1601 2571 elegorum
1635 2524 1764 2572 poeta

128 2596 290 2635 saeculi
332 2596 511 2644 septimi
543 2598 657 2635 teste
691 2597 903 2636 Strabone
935 2597 1030 2636 loco
1062 2608 1195 2647 supra
1226 2598 1358 2637 allato
1390 2599 1558 2647 primus
1590 2599 1763 2638 locutus

129 2677 196 2712 est
222 2673 272 2711 de
309 2672 496 2723 Τεύκροις
530 2671 569 2710 ἐκ
602 2678 670 2722 τῆς
705 2672 864 2723 Κρήτης
898 2671 1153 2724 ἀφιγμένοις,
1189 2674 1350 2713 falsam
1393 2674 1528 2723 igitur
1560 2675 1613 2713 iiS
1642 2675 1761 2713 attri-

130 2748 267 2787 buens
299 2748 502 2796 patriam.
536 2748 613 2787 Est
646 2748 760 2786 idem
793 2750 939 2798 poeta,
980 2750 1052 2796 qui
1084 2750 1135 2788 de
1173 2749 1423 2789 Cimmeriis
1459 2761 1628 2799 quoque
1657 2748 1763 2802 ὀβρι-

130 2827 330 2875 μοεργοῖς,
376 2825 426 2863 de
469 2824 697 2873 Traribus,
741 2824 791 2862 de
832 2825 1064 2864 Esionibus
1097 2822 1312 2872 (Ἠσιονεῐς
1346 2827 1485 2866 Strab.
1520 2827 1626 2864 XHI
1663 2827 1761 2875 627,

131 2900 184 2939 cf.
225 2896 411 2950 Ἡσιόνῃ
458 2901 544 2940 vid.
594 2900 719 2945 infra)
768 2901 1035 2940 mentionem
1080 2902 1203 2951 fecit,
1252 2903 1405 2941 doctus
1447 2903 1580 2950 igitur
1617 2902 1762 2941 homo.

130 2976 189 3014 At
233 2975 315 3015 fide
363 2987 530 3024 quoque
573 2977 784 3015 historica
826 2977 1016 3024 dignus?
1059 2977 1298 3016 Asseverat
1331 2978 1445 3016 idem
1481 2976 1763 3015 Calchantem
