2141 3487
778 323 831 352 DE
863 323 1008 353 AiAcE.
1651 318 1706 358 65

79 441 255 480 Graecis
296 440 494 479 auditum
527 449 602 488 pro
635 439 856 478 Salamine
888 439 1102 478 habitum.
1140 439 1225 479 Cur
1259 451 1360 480 vero
1393 441 1543 482 Graeci
1577 454 1704 484 suam

80 517 230 556 urbem
273 515 549 564 appellarunt
581 515 876 553 Salaminem?
909 515 1017 563 Quia
1049 515 1240 554 Teucros
1273 516 1316 555 in
1350 517 1494 557 insula
1526 521 1707 568 reperie-

79 593 196 631 bant.
238 591 351 629 Hinc
393 592 541 629 autem
575 589 686 629 effici
719 591 862 639 potest
895 601 944 629 eo
971 592 1187 640 tempore,
1221 602 1304 638 quo
1338 592 1526 632 Salamis
1559 595 1708 634 conde-

80 667 218 717 batur,
253 667 370 705 arcte
402 666 490 703 iam
524 665 677 704 Teucri
711 675 870 704 nomen
903 676 1003 704 cum
1036 666 1180 704 insula
1212 667 1432 707 Salamine
1460 669 1596 709 fuisse
1616 681 1706 710 con·

78 742 291 781 iunctum.
334 742 481 789 Neque
523 742 702 780 fortuito
736 742 950 780 Teucrum
983 741 1206 781 Salamine
1239 745 1489 784 consedisse
1523 746 1705 795 dixeris,

79 819 288 866 reputans
331 818 544 856 Teucrum
589 818 763 856 venisse
807 827 829 856 e
871 817 1046 865 regione
1088 829 1219 866 quam
1253 821 1495 868 antiquitus
1528 822 1709 871 Leleges

80 894 337 933 habitabant
368 894 480 939 (vide
512 893 652 942 infra),
689 893 925 932 Salaminis
959 896 1107 932 autem
1133 905 1292 933 nomen
1322 897 1373 934 ad
1401 897 1584 936 eandem
1612 909 1712 946 gen-

79 972 170 1010 tem
203 980 283 1010 nos
315 970 484 1009 ducere.
518 970 611 1008 Iam
644 969 943 1008 Wilamowitz
977 969 1145 1008 viderat
1179 971 1447 1011 Salaminem
1482 974 1713 1014 cohaerere

81 1056 179 1085 cum
224 1046 469 1085 Salmoneo.
515 1044 790 1094 „Zakuffivn”,
830 1045 893 1082 ita
930 1045 1073 1093 pergib
1105 1046 1226 1095 Fick,
1266 1047 1358 1095 „vel
1391 1049 1622 1098 Σαλαμώιά
1656 1052 1711 1095 (in

77 1121 446 1170 inscriptionibus)
489 1122 616 1159 vetus
659 1120 867 1168 oppidum
912 1123 980 1159 est
1022 1121 1065 1159 in
1104 1122 1246 1169 Elide;
1280 1123 1487 1172 Σαλμακίς
1519 1124 1616 1163 fons
1643 1129 1711 1165 est

79 1196 395 1244 Halicarnassi,
445 1194 651 1242 Lelegum
701 1195 745 1232 in
793 1193 921 1242 urbe;
970 1194 1153 1245 Σάλμος,
1194 1195 1307 1243 πόλις
1351 1197 1543 1245 Βοιωτίας
1584 1193 1630 1249 ἧς
1674 1201 1711 1239 οἱ

78 1275 231 1310 πολῖται
275 1270 526 1319 Σαλμώνιοι,
567 1267 618 1314 ὡς
652 1265 887 1316 Ἑλλάνικος
921 1268 963 1307 ἐν
998 1269 1166 1326 δευτέρῳ
1200 1273 1561 1319 Δευκαλιωνείας”.
1605 1275 1709 1324 Quo-

78 1348 207 1387 modo
250 1347 503 1386 Hellanicus
545 1346 743 1384 Salmum
785 1356 885 1384 cum
917 1346 1195 1387 Deucalionis
1228 1349 1405 1388 nomine
1439 1351 1713 1390 coniunxerit

77 1424 321 1470 nescimus;
366 1423 446 1460 hoc
474 1432 577 1460 vero
615 1431 774 1460 nomen
809 1425 987 1461 revocat
1029 1423 1072 1461 in
1107 1425 1371 1463 memoriam
1405 1427 1498 1464 tam
1532 1426 1709 1465 Hesiodi

79 1498 235 1546 fragm.
274 1499 354 1537 115
390 1498 520 1543 (Rz.):

406 1567 430 1623 ἦ
464 1588 522 1611 τοι
554 1572 628 1625 γὰρ
662 1572 821 1624 Λοκρὸς
854 1571 1098 1625 Λελέγων
1129 1572 1305 1626 ἡγήσατο
1339 1579 1446 1614 λαῶν

405 1650 497 1695 τούς
531 1648 580 1701 ῥά
610 1664 704 1688 ποτε
739 1649 941 1700 Κρονίδης
975 1650 1076 1697 Ζεὺς
1109 1649 1266 1700 ἄφθιτα
1299 1652 1428 1702 μήδεα
1459 1653 1605 1700 Ἑειδώς

405 1723 567 1771 λεκτοὺς
600 1722 642 1763 ἐκ
674 1724 790 1776 γαίης
824 1722 939 1772 ἁλέας
972 1725 1070 1777 πόρε
1104 1728 1458 1779 Δευκαλίωνι,

81 1809 211 1847 quam
245 1800 294 1838 fr.
331 1798 467 1839 2:311
502 1798 837 1852 Προμηθέως
870 1799 937 1838 καὶ
970 1802 1199 1853 Πανδώρας
1232 1803 1319 1850 υἱὸς
1353 1805 1680 1855 Δευκαλίων,

79 1876 154 1914 sed
197 1877 332 1915 etiam
375 1876 569 1916 Acusilai
610 1877 660 1916 fr.
706 1877 761 1915 20
802 1873 922 1927 (ΑΓΗ.
961 1878 1138 1923 Kordt):
1185 1879 1494 1918 Δευκαλίων
1519 1876 1709 1930 (Ησιόυης

78 1955 147 2001 τῆς
177 1947 374 1989 Ὠκεανοῦ
407 1949 472 1989 καὶ
505 1950 852 2001 Προμηθέως.

136 2026 351 2066 Hesiones
383 2029 532 2065 autem
563 2036 725 2065 nomen
757 2027 809 2065 ad
843 2027 1059 2068 Teucrum
1087 2030 1267 2068 reducit.

137 2102 442 2151 Astipulamur
467 2102 601 2149 igitur
631 2101 773 2140 Fickio
800 2103 1037 2140 statuenti:
1069 2103 1284 2152 „Salamis
1314 2105 1417 2143 eher
1444 2105 1708 2154 lelegischen

79 2179 144 2217 als
182 2179 414 2218 karischen
456 2177 752 2226 Ursprungs”.
796 2178 1034 2216 Versamur
1077 2180 1119 2217 in
1163 2181 1394 2219 nominum
1435 2177 1565 2230 serie,
1600 2192 1709 2229 quae

78 2255 227 2293 omnia
273 2254 326 2292 ad
372 2254 550 2302 Leleges
601 2254 806 2293 Graeciae
848 2256 1018 2294 mediae
1060 2257 1228 2296 incolas
1267 2259 1435 2306 priscos
1477 2259 1710 2307 pertinent.

79 2329 149 2368 Sic
180 2329 299 2368 nullo
332 2328 448 2367 saltu
481 2329 533 2367 ad
565 2329 850 2369 Telamonem
883 2332 1101 2372 venimus.

702 2710 788 2753 XI.
846 2711 1089 2767 Τελαμών-

138 2867 250 2905 Aras
296 2866 514 2905 habebant
559 2869 651 2906 tam
697 2868 919 2908 Salamine
961 2881 1092 2918 quam
1135 2873 1321 2912 Athenis
1364 2874 1478 2913 Aiax
1511 2875 1711 2924 filiusque

79 2941 172 2979 eius
204 2941 469 2990 Eurysaces;
503 2944 627 2990 pater
659 2944 807 2981 autem
840 2943 1017 2983 Telamo
1051 2947 1138 2984 aris
1167 2947 1353 2987 earebat.
1373 2949 1603 2999 Homines,
1639 2953 1709 2998 qui

76 3016 128 3054 ab
176 3016 325 3065 Aiace,
376 3017 429 3055 ab
478 3018 696 3066 Eurysace
745 3018 959 3066 originem
1001 3030 1129 3060 suam
1161 3024 1389 3073 petebant,
1425 3025 1707 3064 Telamonem

117 3085 308 3113 Viinrflnm.
1579 3096 1596 3122 5
