2141 3487
639 334 691 361 DE
725 333 1012 361 EUGAMMOMS
1046 333 1304 361 TELEGONIA.
1699 326 1778 364 195

151 452 301 488 tamen
344 452 470 489 caute
513 449 812 496 accipiendum
856 450 940 495 est,
971 458 1069 486 cum
1103 448 1153 486 de
1186 447 1344 486 fabulis
1377 448 1545 486 mediae
1579 447 1781 488 Graeciae

153 536 258 564 num
302 528 453 564 notum
497 525 598 573 quid
641 524 874 563 habuerint
916 524 957 562 hi
996 523 1180 571 milites,
1218 523 1341 562 valde
1373 523 1637 563 dubitemus.
1671 525 1781 563 Vali-

153 601 274 639 diora
305 602 426 648 sunt,
470 610 580 648 quae
622 600 672 639 de
704 599 916 638 affinitate
950 600 1117 647 Augiae
1150 609 1249 638 cum
1283 599 1445 646 Hyrieo
1478 600 1670 647 protulit.
1705 601 1778 640 Ob-

153 679 302 715 servat
349 676 464 715 enim
514 678 700 714 matrem
746 677 913 724 Augiae
961 676 1206 723 Hyrminen
1249 674 1386 713 fuisse
1429 674 1562 714 filiam
1607 676 1778 726 Nyctei,

153 752 225 799 qui
272 751 363 800 ipse
408 752 568 800 Hyrieo
610 754 733 800 patre
778 754 997 798 uteretur;
1038 751 1192 790 deinde
1224 751 1468 789 exclamat:
1505 751 1637 800 „Was
1669 753 1782 792 kann

154 827 398 866 offenbarer
431 828 543 875 sein,
580 827 644 866 als
676 827 778 866 dass
811 827 1031 865 zwischen
1065 827 1146 865 den
1180 826 1321 875 Sagen
1355 837 1439 865 von
1473 827 1569 866 dem
1599 828 1784 868 Schatze

154 903 230 942 des
277 903 466 951 Hyrieus
515 903 600 941 und
647 903 745 941 dem
789 903 865 941 des
909 903 1099 950 Angeias
1143 903 1209 941 ein
1254 902 1430 941 tieferer
1471 903 1557 941 und
1599 904 1641 941 in
1675 904 1785 943 alter

153 978 684 1017 Stammverwandschaft
723 978 1012 1026 begrundeter
1054 978 1440 1026 Zusammenhang
1480 980 1592 1017 statt
1629 978 1786 1018 finde.”

155 1054 271 1103 Quae
318 1053 506 1092 affinitas
554 1053 656 1093 licet
703 1064 788 1093 non
837 1054 949 1102 apud
1002 1055 1292 1102 antiquiorem
1335 1056 1579 1104 auctorem,
1624 1056 1698 1095 sed
1742 1056 1785 1094 in

153 1129 319 1169 scholio
369 1130 420 1168 ad
468 1130 610 1178 Apoll.
658 1130 795 1169 Rhod.
845 1131 864 1168 Ι
916 1131 996 1169 172
1045 1130 1273 1179 referatur,
1322 1132 1505 1170 nimiam
1553 1132 1641 1170 vim
1686 1133 1787 1171 huic

154 1207 414 1254 argumento
446 1205 654 1245 tribuisse
687 1207 920 1245 Muellerus
952 1216 1038 1244 non
1073 1207 1257 1244 videtur.

204 1357 326 1395 Sunt
371 1358 442 1405 qui
490 1358 730 1396 concedant
777 1358 968 1396 fabulam
1015 1359 1065 1397 de
1107 1358 1258 1407 Hyriei
1301 1359 1511 1398 thesauro
1544 1360 1732 1408 spoliato
1765 1371 1789 1399 a

156 1432 312 1480 Minyis
354 1432 605 1481 Triphyliae
648 1433 812 1471 colonis
853 1434 895 1471 in
929 1433 1116 1481 Augiam
1150 1433 1289 1472 fuisse
1321 1434 1582 1473 translatum
1619 1445 1788 1475 necnon

155 1518 315 1546 novam
350 1509 464 1546 viam
493 1508 776 1557 quaesierint,
811 1519 894 1556 qua
921 1509 1093 1548 fabulae
1122 1509 1401 1548 tralationem
1431 1520 1452 1548 e
1485 1510 1712 1559 Triphylia
1743 1512 1786 1550 in

155 1584 350 1632 Cyrenen
393 1587 522 1632 atque
565 1585 663 1623 inde
704 1585 748 1623 in
781 1586 1032 1634 Aegyptum
1066 1585 1174 1623 satis
1208 1587 1308 1634 apte
1341 1585 1560 1634 explica-re
1593 1590 1788 1635 possent.

155 1660 360 1708 Legimus
402 1662 511 1709 apud
551 1661 861 1699 Studniczkam
893 1658 920 1704 1)
954 1662 996 1698 in
1029 1661 1137 1699 libro
1171 1661 1221 1699 de
1256 1661 1358 1699 urbe
1392 1661 1556 1709 Cyrene
1589 1663 1786 1701 condita:

158 1735 262 1783 „Ein
299 1736 539 1775 deutlicher
576 1737 668 1784 Zug
700 1737 1116 1785 peloponnesischen
1149 1736 1389 1775 Einflusses
1422 1741 1495 1781 (sc.
1530 1737 1573 1775 in
1606 1738 1789 1777 historia

154 1812 315 1850 tradita
356 1812 407 1851 de
454 1812 573 1851 urbis
626 1812 817 1861 Cyrenes
865 1813 1048 1860 origine)
1097 1813 1154 1850 ist
1203 1822 1249 1851 es
1296 1813 1426 1861 auch,
1470 1822 1597 1851 wenn
1638 1814 1681 1851 in
1714 1814 1788 1852 der

157 1887 388 1935 Telegonie
439 1889 515 1928 des
557 1889 831 1938 Eugammon
875 1889 942 1928 die
981 1889 1276 1937 altminysche
1318 1889 1427 1936 Sage
1470 1899 1571 1927 vom
1615 1889 1787 1928 Schatz-

156 1964 288 2002 raube
335 1965 410 2003 des
451 1965 723 2013 Trophonios
771 1965 857 2004 und
907 1965 1154 2013 Agamedes
1195 1965 1317 2003 nicht
1365 1964 1442 2003 auf
1487 1965 1564 2002 das
1611 1965 1786 2004 Schatz-

157 2040 267 2078 haus
322 2041 398 2079 des
455 2041 663 2090 Hyrieus,
721 2042 908 2080 sondern
966 2041 1043 2079 auf
1095 2041 1173 2079 das
1230 2041 1305 2079 des
1362 2041 1551 2088 Augeias
1596 2040 1786 2090 bezogen

158 2115 278 2155 wird.
322 2116 409 2155 Das
451 2118 527 2156 hat
558 2118 678 2156 seine
718 2117 1103 2156 Befremdlichkeit
1135 2116 1352 2164 verloren,
1389 2116 1603 2154 nachdem
1637 2116 1788 2155 Svoro-

158 2201 238 2229 nos
280 2191 395 2236 (Gaz.
441 2193 571 2231 Arch.
609 2193 721 2231 1888
754 2192 855 2230 XIV
887 2203 926 2241 p.
963 2193 1045 2231 257
1080 2195 1189 2240 sqq.)
1232 2202 1315 2230 uns
1360 2192 1529 2230 belehrt
1569 2193 1662 2241 hat,
1705 2193 1788 2230 wie

158 2267 226 2305 ein
269 2270 346 2315 gut
389 2268 522 2307 Stuck
555 2269 628 2307 der
662 2278 744 2306 von
778 2268 1053 2316 Eugammon
1086 2267 1407 2306 verarbeiteten
1443 2267 1789 2317 odysseus-sage

158 2342 202 2380 in
249 2344 466 2383 Arkadien
515 2344 730 2383 heimisch
779 2354 883 2392 war,
943 2344 1028 2382 und
1085 2353 1203 2381 zwar
1249 2343 1407 2390 gerade
1454 2343 1497 2381 in
1544 2344 1788 2393 Mantinea,

158 2419 306 2457 woher
347 2421 440 2459 sich
483 2420 551 2458 die
593 2420 817 2468 Kyrenaer
850 2420 945 2458 eine
979 2419 1241 2458 Generation
1275 2422 1422 2467 spater
1457 2420 1581 2458 ihren
1615 2420 1788 2459 Gesetz-

159 2495 289 2543 geber
334 2495 564 2534 Demonax
610 2496 697 2534 und
745 2495 860 2533 wohl
908 2495 1018 2533 auch
1069 2495 1150 2533 den
1200 2495 1313 2533 Zeus
1359 2495 1547 2542 Lykaios
1593 2495 1788 2534 holten.’'

159 2570 399 2609 Videamus
431 2571 533 2619 ipsi,
567 2581 660 2609 rem
692 2570 820 2618 paulo
854 2570 986 2609 altius
1019 2572 1283 2619 repetentes.

223 2646 407 2695 „Procos
454 2657 553 2685 cum
600 2646 889 2693 interfeceris,
934 2646 1075 2692 inquit
1114 2645 1306 2683 Tiresias
1339 2647 1390 2683 ad
1424 2645 1600 2684 Ulixem
1635 2648 1668 2690 (λ
1705 2647 1785 2684 119

159 2725 286 2771 sqq.),
320 2732 442 2760 remo
474 2724 623 2760 sumto
655 2723 819 2759 terram
853 2721 1095 2768 perlustra,
1131 2721 1265 2759 donec
1297 2721 1469 2759 veneris
1498 2721 1551 2758 ad
1578 2730 1670 2769 eos,
1699 2722 1785 2767 qui·

158 2799 238 2836 bus
286 2807 428 2846 mare,
476 2807 630 2845 naves,
680 2796 790 2834 remi
836 2796 963 2844 plane
1007 2796 1096 2834 sint
1138 2796 1302 2843 ignota.
1349 2795 1468 2833 Dabo
1507 2795 1586 2833 tibi
1619 2797 1785 2834 certum

157 2874 386 2922 indicium,
415 2884 519 2913 nam
546 2874 735 2912 simulac
762 2874 905 2912 viator
934 2873 1089 2920 aliquis
1117 2873 1276 2911 dixerit
1293 2873 1587 2911 ventilabrum
1607 2873 1789 2911 humero

202 3043 226 3082 ¹)
252 3046 386 3082 Kyrene
412 3045 488 3076 eine
514 3046 780 3083 altgriechische
806 3045 923 3075 anttin
952 3045 1035 3073 1890
1061 3053 1094 3082 p.
1122 3045 1195 3073 120.
