2200 3487
843 402 896 429 DE
928 400 1074 429 AtAcE.
1747 393 1770 429 3

147 517 270 568 δέρμα
302 531 348 567 με
380 522 456 555 νῦν
487 515 818 564 περιηλανᾶται”.
850 514 1008 553 Valent
1040 515 1250 553 nimirum
1289 515 1460 564 „thvtoc
1487 517 1624 569 λεοντῇ
1651 513 1772 564 ἠμφι-

148 593 342 644 εσμένον”
376 592 443 637 (Cf.
478 591 540 630 Ol.
575 590 644 639 IV,
682 591 759 628 22:
795 589 991 640 χαλκέοισι
1024 586 1059 628 δ’
1097 588 1138 627 ἕν
1170 589 1294 628 ἔντεσι
1328 594 1477 636 νικῶν).

207 668 314 717 Quid
346 669 494 706 autern
525 666 796 705 scholiasta?
829 665 1071 704 Mirabundi
1101 665 1290 714 legimus
1322 666 1450 705 haec:

212 748 353 792 „tofiro
401 741 522 787 ἰδίως.
565 740 613 779 οὐ
655 740 729 792 γὰρ
774 738 794 778 ὁ
840 739 1029 790 Τελαμὼν
1072 739 1248 778 ἐκέλευσε
1289 748 1340 794 τῷ
1376 738 1566 791 “Ηρακλεῐ
1604 741 1773 794 ἐμβῆναι

150 819 265 865 (Sici)
308 824 359 872 τῷ
403 816 565 867 δέρματι
607 815 673 854 καὶ
717 814 933 866 εὔξασθαι,
971 812 1048 854 ἀλλ’
1096 815 1214 862 αὐτὸς
1258 814 1278 854 ὃ
1309 813 1510 867 Ἡρακλῆς
1542 825 1658 858 τοῦτο
1691 820 1770 860 κατ’

149 893 257 932 ἰδίαν
289 893 431 944 ἔπραξε
462 894 705 944 προαίρεσιν.
740 892 920 943 εἴληπται
953 889 995 930 ὁὲ
1027 890 1068 930 ἐκ
1096 898 1173 930 τῶν
1200 893 1380 944 μεγάλων
1407 891 1531 943 ἠοιῶν
1558 892 1582 945 ἡ
1611 895 1775 946 ἱστορία.

150 969 232 1008 ἐκεῖ
283 969 357 1021 γὰρ
414 969 633 1020 εὑρίσκεται
691 967 995 1018 ἕπιξευούμενος
1049 966 1068 1006 ὅ
1109 965 1308 1018 “Ηρακλῆς
1354 976 1404 1022 τῷ
1457 972 1662 1019 Τελαμῶνι
1710 973 1777 1013 καὶ

152 1045 418 1096 ἐμβαίνων
457 1052 502 1099 τῇ
545 1046 644 1099 δορᾷ
687 1044 749 1083 καὶ
790 1044 1015 1095 εὐχόμενος.
1056 1044 1119 1082 καὶ
1165 1044 1289 1091 οὕτως
1323 1043 1343 1083 ὃ
1377 1046 1602 1096 διόπομπος
1634 1048 1779 1101 αἰετὸς,

151 1119 217 1170 ἀφ’
255 1117 302 1160 οὗ
336 1121 407 1171 τὴν
441 1121 729 1170 προσωνυμίαν
763 1119 903 1171 ἔλαβεν
937 1120 1081 1166 Αἴας.”

210 1198 423 1236 Pindarus
464 1198 597 1245 igitur
638 1197 876 1235 scholiasta
917 1198 1032 1235 teste
1064 1197 1364 1236 narrationem
1399 1209 1420 1237 e
1453 1199 1622 1247 Magnis
1655 1201 1780 1241 Eoeis

149 1275 333 1323 petitam
375 1274 545 1322 proprio
585 1274 719 1312 Marte
753 1273 956 1312 mutavit.
992 1273 1125 1312 Poeta
1157 1274 1292 1321 enim,
1330 1284 1428 1313 cum
1463 1275 1584 1323 epico
1617 1277 1660 1315 in
1694 1288 1780 1317 car·

154 1351 269 1389 mine
300 1350 482 1399 legisset
509 1350 741 1389 Herculem
769 1350 1018 1398 precantem
1037 1350 1191 1398 sponte
1208 1349 1442 1388 leoninain
1459 1351 1570 1399 pelle
1587 1354 1782 1404 stetisse,

151 1426 260 1472 ἰδίως
293 1437 385 1465 rem
428 1426 491 1465 ita
531 1427 741 1475 mutavit,
786 1427 834 1464 ut
876 1425 1086 1464 Hercules
1127 1425 1380 1464 Telamonis
1411 1429 1566 1474 rogatu
1597 1429 1641 1467 in
1674 1429 1785 1477 pelle

154 1503 393 1541 insisteret.

213 1577 332 1616 Duae
350 1587 421 1616 res
438 1578 507 1617 hic
528 1580 633 1616 sunt
649 1577 961 1616 observandae.
980 1577 1134 1616 Altera
1151 1580 1235 1627 est,
1255 1579 1367 1625 quod
1385 1579 1426 1617 in
1447 1579 1613 1618 scholio
1631 1583 1785 1629 poetae

156 1654 312 1692 verba:
350 1653 443 1702 „tou
476 1651 546 1702 μὲν
581 1652 620 1691 εἰν
655 1652 749 1704 ῥινῷ
779 1651 936 1698 λέοντος
966 1652 1111 1690 στάντα
1138 1653 1327 1702 κελήσατο
1357 1654 1597 1692 σπονδαῖσιν
1623 1653 1788 1706 ἅρξαι”,

157 1731 390 1769 vertuntur
422 1730 547 1777 quasi
573 1729 773 1768 valeant:
807 1726 854 1777 ἢὸ
885 1727 1073 1778 Τελαμὼν
1101 1727 1276 1766 ἐκέλευσε
1304 1728 1371 1767 τὸν
1392 1726 1589 1777 (Ηρακλέα
1616 1729 1788 1781 ἐμβῆναι

159 1811 203 1859 τῇ
241 1808 379 1860 λεοντῇ
413 1804 477 1843 καὶ
510 1804 635 1850 οὕτως
664 1803 864 1853 ἄρξασθαι
890 1810 967 1841 τῶν
995 1804 1226 1842 σπονδῶν”.
1255 1804 1423 1853 Altera,
1453 1806 1565 1853 quod
1592 1807 1789 1854 perthet

159 1882 417 1930 scholiasta,
453 1881 621 1929 Magnis
648 1890 816 1928 quoque
845 1879 887 1918 in
915 1879 1042 1918 Eoeis
1070 1879 1306 1918 Herculem
1335 1877 1529 1926 εὔξασθαι
1558 1879 1786 1932 ἐμβάντα

159 1963 205 2011 τῇ
239 1957 347 2010 δορᾷ.

221 2032 512 2072 Scholiastam
560 2032 736 2069 Pindari
783 2030 915 2069 verba
956 2040 1184 2079 perperam
1234 2032 1422 2070 vertisse
1469 2032 1612 2079 quivis
1659 2033 1791 2072 videt.

160 2109 306 2156 Neque
354 2108 596 2154 antiquitus
640 2107 847 2155 defuisse,
891 2106 962 2153 qui
1007 2106 1164 2144 melius
1196 2106 1302 2145 haec
1336 2107 1465 2145 verba
1499 2108 1786 2157 explicarent,

162 2185 285 2232 patet
316 2193 339 2221 e
370 2183 525 2221 scholii
558 2182 703 2221 verbis
735 2182 973 2231 proximis:

223 2257 322 2296 ἔνιοι
370 2256 412 2296 δὲ
459 2258 582 2302 οὕτως
633 2256 839 2295 ἀκούουσι·
886 2255 984 2295 ἰδὼν
1033 2254 1052 2295 ὁ
1103 2256 1288 2306 Τελαμὼν
1331 2257 1399 2296 τὸν
1433 2254 1631 2308 (Ηρακλέα
1672 2257 1789 2308 ἄφνω

167 2332 363 2381 ἐφεστῶτα
397 2332 438 2371 ἐν
472 2340 517 2387 τῇ
552 2333 649 2386 δορᾷ
682 2332 993 2382 παρεκελεύσατο
1026 2331 1133 2385 αὐτῷ
1168 2330 1218 2378 ὡς
1252 2326 1347 2382 ἧκεν
1380 2332 1422 2371 ἐκ
1453 2339 1519 2383 τῆς
1548 2331 1646 2372 ὀδοῦ
1674 2334 1792 2373 σπέν-

167 2411 262 2448 δειν·
304 2407 477 2452 τουτέστι
509 2407 562 2457 μὴ
596 2406 853 2457 ἀποθέμενον
884 2406 927 2446 τὸ
961 2406 1104 2458 δέρμα,
1136 2406 1233 2445 ἀλλὰ
1265 2406 1316 2454 ὡς
1349 2404 1449 2459 εἶχεν
1481 2408 1682 2459 ἄρξασθαι
1714 2416 1792 2449 τῶν

169 2485 369 2523 σπονδῶν.
414 2482 465 2530 ὠς
509 2483 648 2533 ὅμοιον
690 2478 791 2521 εἶναι
829 2490 892 2537 τῷ·
938 2481 1161 2533 ,,”Ήφαιστε
1204 2480 1366 2535 πρόμολ’
1406 2479 1502 2534 ὦδε,
1537 2484 1646 2532 Θέτις
1678 2487 1727 2525 νύ
1760 2503 1795 2525 τι

168 2564 249 2599 σεῖο
282 2561 463 2612 χατίζει.”

225 2637 350 2686 Sapis
402 2637 669 2686 sapientiam
721 2636 1063 2676 Aristarcheam.
1117 2636 1423 2685 Intellegimus
1476 2640 1625 2677 autem
1673 2639 1793 2678 scho-

167 2713 362 2762 Hastam,
406 2713 474 2752 cui
517 2722 645 2751 verus
686 2722 896 2750 versuum
931 2722 1090 2750 sensus
1122 2713 1253 2751 notus
1286 2715 1420 2762 esset,
1451 2723 1537 2752 non
1569 2714 1796 2753 incautum

168 2789 327 2828 falsam
369 2788 653 2837 praemisisse
696 2787 1048 2836 explicationem.
1097 2787 1205 2836 Quid
1245 2789 1380 2836 igitur
1421 2789 1702 2828 iudicandum
1745 2790 1796 2829 de

169 2865 361 2904 hominis
389 2864 711 2912 observatione,
743 2873 853 2910 quae
872 2862 925 2901 ad
943 2862 1080 2901 Eoeas
1098 2864 1278 2912 Magnas
1294 2865 1514 2912 pertinet?
1530 2865 1797 2905 Mentitusne

170 2942 257 2988 est,
291 2939 405 2987 quod
426 2939 624 2988 perhibet
649 2939 692 2977 in
722 2938 917 2977 carmine
946 2939 1066 2986 epico
1094 2939 1329 2977 Herculem
1356 2940 1576 2979 institisse
1594 2941 1636 2979 in
1654 2941 1799 2989 pelle?

171 3016 240 3054 An
280 3015 391 3054 forte
431 3025 588 3054 verum
631 3015 761 3063 dixit,
803 3014 880 3052 sed
922 3014 1004 3052 hac
1046 3014 1141 3062 ipsa
1178 3015 1393 3063 sapientia
1423 3016 1466 3054 in
1500 3015 1673 3054 Pindari
1704 3016 1797 3055 loco

172 3090 427 3139 explicando
470 3101 495 3129 a
536 3101 639 3129 vera
680 3091 751 3129 via
793 3090 1009 3128 abductus
1046 3091 1146 3128 est?
1185 3091 1346 3140 Immo,
1380 3091 1452 3138 qui
1484 3092 1547 3130 ita
1579 3092 1798 3132 aberravit
