<?xml version="1.0" encoding="UTF-8"?>
<!DOCTYPE html PUBLIC "-//W3C//DTD XHTML 1.0 Transitional//EN"
    "http://www.w3.org/TR/xhtml1/DTD/xhtml1-transitional.dtd">
<html xmlns="http://www.w3.org/1999/xhtml" xml:lang="en" lang="en">
 <head>
  <title>
</title>
<meta http-equiv="Content-Type" content="text/html;charset=utf-8" />
  <meta name='ocr-system' content='tesseract 3.04.00' />
  <meta name='ocr-capabilities' content='ocr_page ocr_carea ocr_par ocr_line ocrx_word'/>
</head>
<body>
  <div class='ocr_page' id='page_1' title='image "./deaiacisoriginec00vr_0222.png"; bbox 0 0 2200 3487; ppageno 0'>
   <div class='ocr_carea' id='block_1_1' title="bbox 464 337 1598 374">
    <p class='ocr_par' dir='ltr' id='par_1_1' title="bbox 464 337 1598 374">
     <span class='ocr_line' id='line_1_1' title="bbox 464 337 1598 374; baseline -0.003 0"><span class='ocrx_word' id='word_1_1' title='bbox 464 337 548 374; x_wconf 76' lang='lat'>210</span> <span class='ocrx_word' id='word_1_2' title='bbox 936 342 989 372; x_wconf 76' lang='lat' dir='ltr'>DE</span> <span class='ocrx_word' id='word_1_3' title='bbox 1023 343 1309 372; x_wconf 79' lang='lat' dir='ltr'>EUGAMMONIS</span> <span class='ocrx_word' id='word_1_4' title='bbox 1341 341 1598 372; x_wconf 80' lang='lat' dir='ltr'>TELEGONIA.</span> 
     </span>
    </p>
   </div>
   <div class='ocr_carea' id='block_1_2' title="bbox 453 457 2087 2628">
    <p class='ocr_par' dir='ltr' id='par_1_2' title="bbox 461 457 2081 579">
     <span class='ocr_line' id='line_1_2' title="bbox 461 457 2081 509; baseline -0.001 -10"><span class='ocrx_word' id='word_1_5' title='bbox 461 460 566 499; x_wconf 92' lang='lat' dir='ltr'>duce</span> <span class='ocrx_word' id='word_1_6' title='bbox 598 462 810 509; x_wconf 80' lang='lat' dir='ltr'><strong>pugnant,</strong></span> <span class='ocrx_word' id='word_1_7' title='bbox 844 458 978 497; x_wconf 88' lang='lat' dir='ltr'>fuisse</span> <span class='ocrx_word' id='word_1_8' title='bbox 1010 458 1239 496; x_wconf 89' lang='lat' dir='ltr'>Thraciam</span> <span class='ocrx_word' id='word_1_9' title='bbox 1267 460 1441 506; x_wconf 79' lang='lat' dir='ltr'><strong>gentem</strong></span> <span class='ocrx_word' id='word_1_10' title='bbox 1471 468 1628 506; x_wconf 87' lang='lat' dir='ltr'>magna</span> <span class='ocrx_word' id='word_1_11' title='bbox 1655 468 1752 496; x_wconf 91' lang='lat' dir='ltr'>cum</span> <span class='ocrx_word' id='word_1_12' title='bbox 1780 457 2081 506; x_wconf 81' lang='lat' dir='ltr'>probabilitate</span> 
     </span>
     <span class='ocr_line' id='line_1_3' title="bbox 461 531 1031 579; baseline -0.007 -4"><span class='ocrx_word' id='word_1_13' title='bbox 461 536 642 575; x_wconf 90' lang='lat' dir='ltr'>coniecit</span> <span class='ocrx_word' id='word_1_14' title='bbox 672 535 965 574; x_wconf 87' lang='lat' dir='ltr'>Wilamowitz</span> <span class='ocrx_word' id='word_1_15' title='bbox 989 531 1031 579; x_wconf 84' lang='lat'>1).</span> 
     </span>
    </p>

    <p class='ocr_par' dir='ltr' id='par_1_3' title="bbox 454 609 2084 1114">
     <span class='ocr_line' id='line_1_4' title="bbox 519 609 2082 659; baseline -0.002 -9"><span class='ocrx_word' id='word_1_16' title='bbox 519 611 583 650; x_wconf 86' lang='lat' dir='ltr'>Ad</span> <span class='ocrx_word' id='word_1_17' title='bbox 621 620 861 659; x_wconf 79' lang='lat' dir='ltr'>summam,</span> <span class='ocrx_word' id='word_1_18' title='bbox 899 609 1088 648; x_wconf 89' lang='lat' dir='ltr'>vidimus</span> <span class='ocrx_word' id='word_1_19' title='bbox 1119 609 1484 658; x_wconf 83' lang='lat' dir='ltr'>Eugammonem‚</span> <span class='ocrx_word' id='word_1_20' title='bbox 1518 612 1567 647; x_wconf 85' lang='lat' dir='ltr'>ut</span> <span class='ocrx_word' id='word_1_21' title='bbox 1597 609 1741 647; x_wconf 79' lang='lat' dir='ltr'>Ulixis</span> <span class='ocrx_word' id='word_1_22' title='bbox 1774 619 1911 647; x_wconf 88' lang='lat' dir='ltr'>annos</span> <span class='ocrx_word' id='word_1_23' title='bbox 1942 610 2082 657; x_wconf 89' lang='lat' dir='ltr'>poste-</span> 
     </span>
     <span class='ocr_line' id='line_1_5' title="bbox 457 681 2082 735; baseline -0.002 -10"><span class='ocrx_word' id='word_1_24' title='bbox 457 688 593 726; x_wconf 83' lang='lat' dir='ltr'>riores</span> <span class='ocrx_word' id='word_1_25' title='bbox 620 686 748 724; x_wconf 89' lang='lat' dir='ltr'>rebus</span> <span class='ocrx_word' id='word_1_26' title='bbox 775 685 913 733; x_wconf 87' lang='lat' dir='ltr'>gestis</span> <span class='ocrx_word' id='word_1_27' title='bbox 940 685 1153 734; x_wconf 79' lang='lat' dir='ltr'>expleret,</span> <span class='ocrx_word' id='word_1_28' title='bbox 1181 683 1431 723; x_wconf 82' lang='lat' dir='ltr'>adhibuisse</span> <span class='ocrx_word' id='word_1_29' title='bbox 1449 684 1612 722; x_wconf 81' lang='lat' dir='ltr'>Musaei</span> <span class='ocrx_word' id='word_1_30' title='bbox 1629 684 1849 735; x_wconf 77' lang='grc' dir='ltr'><em>κατάβασιν</em></span> <span class='ocrx_word' id='word_1_31' title='bbox 1867 681 2082 734; x_wconf 74' lang='grc' dir='ltr'>εἰς’Ἀιδου,</span> 
     </span>
     <span class='ocr_line' id='line_1_6' title="bbox 458 759 2084 811; baseline -0.002 -9"><span class='ocrx_word' id='word_1_32' title='bbox 458 774 567 810; x_wconf 89' lang='lat' dir='ltr'>quae</span> <span class='ocrx_word' id='word_1_33' title='bbox 605 763 656 802; x_wconf 95' lang='lat' dir='ltr'>ob</span> <span class='ocrx_word' id='word_1_34' title='bbox 690 771 844 800; x_wconf 85' lang='lat' dir='ltr'>causas</span> <span class='ocrx_word' id='word_1_35' title='bbox 877 771 1008 809; x_wconf 90' lang='lat' dir='ltr'>supra</span> <span class='ocrx_word' id='word_1_36' title='bbox 1040 760 1264 809; x_wconf 88' lang='lat' dir='ltr'>expositas</span> <span class='ocrx_word' id='word_1_37' title='bbox 1296 759 1425 807; x_wconf 86' lang='lat' dir='ltr'>vulgo</span> <span class='ocrx_word' id='word_1_38' title='bbox 1458 759 1681 798; x_wconf 79' lang='lat' dir='ltr'>dicebatur</span> <span class='ocrx_word' id='word_1_39' title='bbox 1717 760 1963 811; x_wconf 77' lang='grc' dir='ltr'><em>Θεσπρῶτις;</em></span> <span class='ocrx_word' id='word_1_40' title='bbox 1996 759 2084 799; x_wconf 89' lang='lat' dir='ltr'>Cle-</span> 
     </span>
     <span class='ocr_line' id='line_1_7' title="bbox 459 835 2084 883; baseline -0.002 -5"><span class='ocrx_word' id='word_1_41' title='bbox 459 840 652 878; x_wconf 80' lang='lat' dir='ltr'>mentem</span> <span class='ocrx_word' id='word_1_42' title='bbox 694 840 840 876; x_wconf 83' lang='lat' dir='ltr'>autem</span> <span class='ocrx_word' id='word_1_43' title='bbox 881 836 1226 875; x_wconf 84' lang='lat' dir='ltr'>Alexandrinum</span> <span class='ocrx_word' id='word_1_44' title='bbox 1269 836 1434 883; x_wconf 84' lang='lat' dir='ltr'>optimo</span> <span class='ocrx_word' id='word_1_45' title='bbox 1474 835 1567 874; x_wconf 91' lang='lat' dir='ltr'>iure</span> <span class='ocrx_word' id='word_1_46' title='bbox 1603 836 1946 883; x_wconf 86' lang='lat' dir='ltr'>Eugammonem</span> <span class='ocrx_word' id='word_1_47' title='bbox 1979 837 2084 875; x_wconf 86' lang='lat' dir='ltr'>furti</span> 
     </span>
     <span class='ocr_line' id='line_1_8' title="bbox 459 908 2082 962; baseline -0.002 -8"><span class='ocrx_word' id='word_1_48' title='bbox 459 924 690 954; x_wconf 81' lang='lat' dir='ltr'>accusasse</span> <span class='ocrx_word' id='word_1_49' title='bbox 711 909 756 962; x_wconf 79' lang='grc'>2),</span> <span class='ocrx_word' id='word_1_50' title='bbox 786 913 870 951; x_wconf 89' lang='lat' dir='ltr'>nisi</span> <span class='ocrx_word' id='word_1_51' title='bbox 899 912 1010 959; x_wconf 90' lang='lat' dir='ltr'>quod</span> <span class='ocrx_word' id='word_1_52' title='bbox 1039 921 1188 950; x_wconf 91' lang='lat' dir='ltr'>vocem</span> <span class='ocrx_word' id='word_1_53' title='bbox 1220 908 1494 960; x_wconf 74' lang='grc' dir='ltr'><em>,,ὁλόκληρου”</em></span> <span class='ocrx_word' id='word_1_54' title='bbox 1523 910 1681 949; x_wconf 91' lang='lat' dir='ltr'>melius</span> <span class='ocrx_word' id='word_1_55' title='bbox 1698 911 1934 950; x_wconf 87' lang='lat' dir='ltr'>omisisset.</span> <span class='ocrx_word' id='word_1_56' title='bbox 1953 911 2082 950; x_wconf 91' lang='lat' dir='ltr'>Tran-</span> 
     </span>
     <span class='ocr_line' id='line_1_9' title="bbox 458 985 2084 1037; baseline -0.002 -8"><span class='ocrx_word' id='word_1_57' title='bbox 458 1000 634 1030; x_wconf 86' lang='lat' dir='ltr'>seamus</span> <span class='ocrx_word' id='word_1_58' title='bbox 682 989 813 1037; x_wconf 88' lang='lat' dir='ltr'>igitur</span> <span class='ocrx_word' id='word_1_59' title='bbox 860 989 912 1026; x_wconf 91' lang='lat' dir='ltr'>ad</span> <span class='ocrx_word' id='word_1_60' title='bbox 953 989 1123 1036; x_wconf 88' lang='lat' dir='ltr'>partem</span> <span class='ocrx_word' id='word_1_61' title='bbox 1164 987 1341 1025; x_wconf 80' lang='lat' dir='ltr'>tertiam</span> <span class='ocrx_word' id='word_1_62' title='bbox 1385 986 1660 1034; x_wconf 87' lang='lat' dir='ltr'>Telegoniae‚</span> <span class='ocrx_word' id='word_1_63' title='bbox 1705 986 1777 1025; x_wconf 93' lang='lat' dir='ltr'>ubi</span> <span class='ocrx_word' id='word_1_64' title='bbox 1809 986 1953 1025; x_wconf 84' lang='lat' dir='ltr'>Ulixis</span> <span class='ocrx_word' id='word_1_65' title='bbox 1984 985 2084 1026; x_wconf 90' lang='lat' dir='ltr'>finis</span> 
     </span>
     <span class='ocr_line' id='line_1_10' title="bbox 454 1065 895 1114; baseline -0.007 -9"><span class='ocrx_word' id='word_1_66' title='bbox 454 1066 647 1114; x_wconf 85' lang='lat' dir='ltr'>tragicus</span> <span class='ocrx_word' id='word_1_67' title='bbox 679 1065 895 1103; x_wconf 76' lang='lat' dir='ltr'>nariatur.</span> 
     </span>
    </p>

    <p class='ocr_par' dir='ltr' id='par_1_4' title="bbox 453 1138 2087 1635">
     <span class='ocr_line' id='line_1_11' title="bbox 513 1138 2087 1187; baseline -0.001 -7"><span class='ocrx_word' id='word_1_68' title='bbox 513 1141 663 1181; x_wconf 86' lang='lat' dir='ltr'>Proclo</span> <span class='ocrx_word' id='word_1_69' title='bbox 705 1142 821 1180; x_wconf 89' lang='lat' dir='ltr'>teste</span> <span class='ocrx_word' id='word_1_70' title='bbox 861 1140 1014 1178; x_wconf 89' lang='lat' dir='ltr'>Ulixes</span> <span class='ocrx_word' id='word_1_71' title='bbox 1057 1150 1078 1178; x_wconf 94' lang='lat' dir='ltr'>e</span> <span class='ocrx_word' id='word_1_72' title='bbox 1111 1138 1370 1187; x_wconf 85' lang='lat' dir='ltr'>Thesprotia</span> <span class='ocrx_word' id='word_1_73' title='bbox 1403 1139 1600 1177; x_wconf 88' lang='lat' dir='ltr'>Ithacam</span> <span class='ocrx_word' id='word_1_74' title='bbox 1634 1139 1882 1178; x_wconf 89' lang='lat' dir='ltr'>revertitur.</span> <span class='ocrx_word' id='word_1_75' title='bbox 1915 1140 2087 1178; x_wconf 83' lang='lat' dir='ltr'>Interea</span> 
     </span>
     <span class='ocr_line' id='line_1_12' title="bbox 454 1214 2085 1265; baseline -0.001 -9"><span class='ocrx_word' id='word_1_76' title='bbox 454 1217 696 1265; x_wconf 84' lang='lat' dir='ltr'>Telegonus</span> <span class='ocrx_word' id='word_1_77' title='bbox 742 1218 914 1265; x_wconf 89' lang='lat' dir='ltr'>patrem</span> <span class='ocrx_word' id='word_1_78' title='bbox 960 1225 1172 1263; x_wconf 89' lang='lat' dir='ltr'>quaerens</span> <span class='ocrx_word' id='word_1_79' title='bbox 1219 1215 1261 1252; x_wconf 93' lang='lat' dir='ltr'>in</span> <span class='ocrx_word' id='word_1_80' title='bbox 1304 1214 1496 1253; x_wconf 86' lang='lat' dir='ltr'>insulam</span> <span class='ocrx_word' id='word_1_81' title='bbox 1538 1215 1751 1264; x_wconf 77' lang='lat' dir='ltr'>escendit,</span> <span class='ocrx_word' id='word_1_82' title='bbox 1794 1214 1866 1253; x_wconf 89' lang='lat' dir='ltr'>ubi</span> <span class='ocrx_word' id='word_1_83' title='bbox 1906 1214 2085 1254; x_wconf 84' lang='lat' dir='ltr'>Ulixem</span> 
     </span>
     <span class='ocr_line' id='line_1_13' title="bbox 453 1290 2084 1342; baseline -0.001 -10"><span class='ocrx_word' id='word_1_84' title='bbox 453 1303 580 1342; x_wconf 84' lang='lat' dir='ltr'>agros</span> <span class='ocrx_word' id='word_1_85' title='bbox 612 1303 715 1331; x_wconf 86' lang='lat' dir='ltr'>suos</span> <span class='ocrx_word' id='word_1_86' title='bbox 747 1303 771 1331; x_wconf 83' lang='lat' dir='ltr'>a</span> <span class='ocrx_word' id='word_1_87' title='bbox 803 1291 1026 1341; x_wconf 88' lang='lat' dir='ltr'>populanti</span> <span class='ocrx_word' id='word_1_88' title='bbox 1059 1291 1227 1329; x_wconf 90' lang='lat' dir='ltr'>advena</span> <span class='ocrx_word' id='word_1_89' title='bbox 1257 1290 1486 1329; x_wconf 86' lang='lat' dir='ltr'>defendere</span> <span class='ocrx_word' id='word_1_90' title='bbox 1517 1292 1721 1329; x_wconf 85' lang='lat' dir='ltr'>conatum</span> <span class='ocrx_word' id='word_1_91' title='bbox 1754 1290 1919 1329; x_wconf 88' lang='lat' dir='ltr'>inscius</span> <span class='ocrx_word' id='word_1_92' title='bbox 1956 1291 2084 1330; x_wconf 86' lang='lat' dir='ltr'>inter-</span> 
     </span>
     <span class='ocr_line' id='line_1_14' title="bbox 453 1366 2087 1415; baseline -0.001 -8"><span class='ocrx_word' id='word_1_93' title='bbox 453 1367 556 1407; x_wconf 85' lang='lat' dir='ltr'>ficit.</span> <span class='ocrx_word' id='word_1_94' title='bbox 590 1367 773 1407; x_wconf 86' lang='lat' dir='ltr'>Sceleris</span> <span class='ocrx_word' id='word_1_95' title='bbox 807 1369 953 1405; x_wconf 88' lang='lat' dir='ltr'>autem</span> <span class='ocrx_word' id='word_1_96' title='bbox 988 1366 1142 1405; x_wconf 84' lang='lat' dir='ltr'>nefarii</span> <span class='ocrx_word' id='word_1_97' title='bbox 1175 1366 1374 1405; x_wconf 88' lang='lat' dir='ltr'>conscius</span> <span class='ocrx_word' id='word_1_98' title='bbox 1405 1366 1548 1404; x_wconf 86' lang='lat' dir='ltr'>factus</span> <span class='ocrx_word' id='word_1_99' title='bbox 1576 1366 1715 1414; x_wconf 88' lang='lat' dir='ltr'>patris</span> <span class='ocrx_word' id='word_1_100' title='bbox 1742 1367 1941 1415; x_wconf 89' lang='lat' dir='ltr'>cadaver,</span> <span class='ocrx_word' id='word_1_101' title='bbox 1971 1367 2087 1406; x_wconf 91' lang='lat' dir='ltr'>Tele-</span> 
     </span>
     <span class='ocr_line' id='line_1_15' title="bbox 454 1441 2087 1492; baseline -0.001 -9"><span class='ocrx_word' id='word_1_102' title='bbox 454 1445 680 1492; x_wconf 87' lang='lat' dir='ltr'>machum,</span> <span class='ocrx_word' id='word_1_103' title='bbox 729 1443 972 1492; x_wconf 85' lang='lat' dir='ltr'>Penelopen</span> <span class='ocrx_word' id='word_1_104' title='bbox 1018 1453 1167 1481; x_wconf 88' lang='lat' dir='ltr'>secum</span> <span class='ocrx_word' id='word_1_105' title='bbox 1217 1442 1268 1480; x_wconf 91' lang='lat' dir='ltr'>ad</span> <span class='ocrx_word' id='word_1_106' title='bbox 1316 1443 1504 1480; x_wconf 88' lang='lat' dir='ltr'>matrem</span> <span class='ocrx_word' id='word_1_107' title='bbox 1549 1441 1699 1480; x_wconf 86' lang='lat' dir='ltr'>Circen</span> <span class='ocrx_word' id='word_1_108' title='bbox 1741 1442 1934 1492; x_wconf 80' lang='lat' dir='ltr'>abducit,</span> <span class='ocrx_word' id='word_1_109' title='bbox 1977 1453 2087 1490; x_wconf 88' lang='lat' dir='ltr'>quae</span> 
     </span>
     <span class='ocr_line' id='line_1_16' title="bbox 453 1517 2087 1567; baseline -0.001 -9"><span class='ocrx_word' id='word_1_110' title='bbox 453 1519 728 1560; x_wconf 87' lang='lat' dir='ltr'>immortales</span> <span class='ocrx_word' id='word_1_111' title='bbox 771 1530 845 1558; x_wconf 91' lang='lat' dir='ltr'>eos</span> <span class='ocrx_word' id='word_1_112' title='bbox 886 1519 1040 1557; x_wconf 90' lang='lat' dir='ltr'>reddit.</span> <span class='ocrx_word' id='word_1_113' title='bbox 1083 1518 1245 1556; x_wconf 90' lang='lat' dir='ltr'>Deinde</span> <span class='ocrx_word' id='word_1_114' title='bbox 1287 1517 1499 1566; x_wconf 89' lang='lat' dir='ltr'>Penelope</span> <span class='ocrx_word' id='word_1_115' title='bbox 1544 1517 1759 1565; x_wconf 86' lang='lat' dir='ltr'>Telegono</span> <span class='ocrx_word' id='word_1_116' title='bbox 1791 1517 1933 1567; x_wconf 86' lang='lat' dir='ltr'>nubit,</span> <span class='ocrx_word' id='word_1_117' title='bbox 1968 1517 2087 1557; x_wconf 87' lang='lat' dir='ltr'>Circe</span> 
     </span>
     <span class='ocr_line' id='line_1_17' title="bbox 460 1595 869 1635; baseline -0.005 0"><span class='ocrx_word' id='word_1_118' title='bbox 460 1607 562 1635; x_wconf 90' lang='lat' dir='ltr'>vero</span> <span class='ocrx_word' id='word_1_119' title='bbox 595 1595 869 1634; x_wconf 88' lang='lat' dir='ltr'>Telemacho.</span> 
     </span>
    </p>

    <p class='ocr_par' dir='ltr' id='par_1_5' title="bbox 453 1668 2087 2252">
     <span class='ocr_line' id='line_1_18' title="bbox 514 1668 2086 1711; baseline -0.003 0"><span class='ocrx_word' id='word_1_120' title='bbox 514 1673 673 1711; x_wconf 82' lang='lat' dir='ltr'>Statim</span> <span class='ocrx_word' id='word_1_121' title='bbox 717 1671 919 1710; x_wconf 89' lang='lat' dir='ltr'>adiiciam</span> <span class='ocrx_word' id='word_1_122' title='bbox 953 1681 974 1709; x_wconf 92' lang='lat' dir='ltr'>e</span> <span class='ocrx_word' id='word_1_123' title='bbox 1006 1670 1173 1709; x_wconf 91' lang='lat' dir='ltr'>scholio</span> <span class='ocrx_word' id='word_1_124' title='bbox 1206 1669 1427 1708; x_wconf 85' lang='lat' dir='ltr'>Eustathii</span> <span class='ocrx_word' id='word_1_125' title='bbox 1458 1670 1510 1707; x_wconf 87' lang='lat' dir='ltr'>ad</span> <span class='ocrx_word' id='word_1_126' title='bbox 1543 1682 1571 1706; x_wconf 87' lang='grc' dir='ltr'>π</span> <span class='ocrx_word' id='word_1_127' title='bbox 1609 1669 1689 1707; x_wconf 83' lang='grc'>118</span> <span class='ocrx_word' id='word_1_128' title='bbox 1722 1669 1854 1708; x_wconf 88' lang='lat' dir='ltr'>hasce</span> <span class='ocrx_word' id='word_1_129' title='bbox 1886 1668 2086 1709; x_wconf 86' lang='lat' dir='ltr'>observa-</span> 
     </span>
     <span class='ocr_line' id='line_1_19' title="bbox 453 1741 2087 1795; baseline -0.003 -8"><span class='ocrx_word' id='word_1_130' title='bbox 453 1749 618 1787; x_wconf 74' lang='lat' dir='ltr'>tiones:</span> <span class='ocrx_word' id='word_1_131' title='bbox 651 1744 696 1795; x_wconf 72' lang='lat'>„5</span> <span class='ocrx_word' id='word_1_132' title='bbox 725 1744 775 1784; x_wconf 72' lang='grc' dir='ltr'>δὲ</span> <span class='ocrx_word' id='word_1_133' title='bbox 803 1746 922 1792; x_wconf 81' lang='grc' dir='ltr'><em>τοὺς</em></span> <span class='ocrx_word' id='word_1_134' title='bbox 953 1746 1190 1792; x_wconf 82' lang='grc' dir='ltr'><em>Νόστους</em></span> <span class='ocrx_word' id='word_1_135' title='bbox 1218 1744 1445 1794; x_wconf 79' lang='grc' dir='ltr'><em>ποιήσας</em></span> <span class='ocrx_word' id='word_1_136' title='bbox 1475 1744 1885 1792; x_wconf 77' lang='grc' dir='ltr'><em>Κολοφώνιος(ῗ))</em></span> <span class='ocrx_word' id='word_1_137' title='bbox 1909 1741 1938 1790; x_wconf 83' lang='lat'>3)</span> <span class='ocrx_word' id='word_1_138' title='bbox 1970 1742 2087 1795; x_wconf 83' lang='grc' dir='ltr'><em>Τηλέ-</em></span> 
     </span>
     <span class='ocr_line' id='line_1_20' title="bbox 454 1817 2085 1874; baseline -0.003 -12"><span class='ocrx_word' id='word_1_139' title='bbox 454 1839 579 1874; x_wconf 84' lang='grc' dir='ltr'><em>μαχον</em></span> <span class='ocrx_word' id='word_1_140' title='bbox 627 1820 699 1872; x_wconf 80' lang='grc' dir='ltr'>μέν</span> <span class='ocrx_word' id='word_1_141' title='bbox 746 1833 844 1872; x_wconf 84' lang='grc' dir='ltr'><em>φησι</em></span> <span class='ocrx_word' id='word_1_142' title='bbox 891 1820 961 1871; x_wconf 79' lang='grc' dir='ltr'>τὴν</span> <span class='ocrx_word' id='word_1_143' title='bbox 1008 1820 1161 1872; x_wconf 81' lang='grc' dir='ltr'><em>Κίρκην</em></span> <span class='ocrx_word' id='word_1_144' title='bbox 1204 1820 1369 1871; x_wconf 72' lang='grc' dir='ltr'><em>ὕστερον</em></span> <span class='ocrx_word' id='word_1_145' title='bbox 1410 1825 1551 1871; x_wconf 73' lang='grc' dir='ltr'><em>γῆμαι,</em></span> <span class='ocrx_word' id='word_1_146' title='bbox 1595 1818 1818 1871; x_wconf 75' lang='grc' dir='ltr'><em>Τηλέγονον</em></span> <span class='ocrx_word' id='word_1_147' title='bbox 1861 1817 1903 1857; x_wconf 78' lang='grc' dir='ltr'>δὲ</span> <span class='ocrx_word' id='word_1_148' title='bbox 1943 1818 2010 1857; x_wconf 79' lang='grc' dir='ltr'>τὸν</span> <span class='ocrx_word' id='word_1_149' title='bbox 2044 1818 2085 1857; x_wconf 74' lang='grc' dir='ltr'>ἔκ</span> 
     </span>
     <span class='ocr_line' id='line_1_21' title="bbox 457 1894 2086 1950; baseline -0.002 -13"><span class='ocrx_word' id='word_1_150' title='bbox 457 1899 604 1950; x_wconf 76' lang='grc' dir='ltr'><em>Κίρκης</em></span> <span class='ocrx_word' id='word_1_151' title='bbox 662 1896 873 1949; x_wconf 75' lang='grc' dir='ltr'>ἁιιτιγῆμαι</span> <span class='ocrx_word' id='word_1_152' title='bbox 928 1896 1210 1946; x_wconf 71' lang='grc' dir='ltr'><em>Πηνελόπην”,</em></span> <span class='ocrx_word' id='word_1_153' title='bbox 1261 1907 1283 1935; x_wconf 91' lang='lat' dir='ltr'>e</span> <span class='ocrx_word' id='word_1_154' title='bbox 1331 1896 1486 1944; x_wconf 89' lang='lat' dir='ltr'>quibus</span> <span class='ocrx_word' id='word_1_155' title='bbox 1534 1896 1722 1935; x_wconf 86' lang='lat' dir='ltr'>fortasse</span> <span class='ocrx_word' id='word_1_156' title='bbox 1770 1894 1939 1934; x_wconf 86' lang='lat' dir='ltr'>efficere</span> <span class='ocrx_word' id='word_1_157' title='bbox 1984 1895 2086 1934; x_wconf 88' lang='lat' dir='ltr'>licet</span> 
     </span>
     <span class='ocr_line' id='line_1_22' title="bbox 455 1970 2086 2023; baseline -0.003 -10"><span class='ocrx_word' id='word_1_158' title='bbox 455 1975 656 2023; x_wconf 87' lang='lat' dir='ltr'>coniugia</span> <span class='ocrx_word' id='word_1_159' title='bbox 702 1973 779 2012; x_wconf 89' lang='lat' dir='ltr'>illa</span> <span class='ocrx_word' id='word_1_160' title='bbox 826 1983 910 2011; x_wconf 91' lang='lat' dir='ltr'>non</span> <span class='ocrx_word' id='word_1_161' title='bbox 954 1983 1051 2012; x_wconf 90' lang='lat' dir='ltr'>esse</span> <span class='ocrx_word' id='word_1_162' title='bbox 1095 1972 1346 2021; x_wconf 85' lang='lat' dir='ltr'>excogitata</span> <span class='ocrx_word' id='word_1_163' title='bbox 1387 1972 1438 2010; x_wconf 91' lang='lat' dir='ltr'>ab</span> <span class='ocrx_word' id='word_1_164' title='bbox 1480 1971 1797 2020; x_wconf 85' lang='lat' dir='ltr'>Eugammone,</span> <span class='ocrx_word' id='word_1_165' title='bbox 1841 1971 1917 2009; x_wconf 86' lang='lat' dir='ltr'>sed</span> <span class='ocrx_word' id='word_1_166' title='bbox 1950 1970 2086 2009; x_wconf 87' lang='lat' dir='ltr'>fuisse</span> 
     </span>
     <span class='ocr_line' id='line_1_23' title="bbox 454 2044 2086 2098; baseline -0.004 -9"><span class='ocrx_word' id='word_1_167' title='bbox 454 2052 684 2089; x_wconf 73' lang='lat' dir='ltr'>inventum</span> <span class='ocrx_word' id='word_1_168' title='bbox 723 2050 881 2098; x_wconf 66' lang='lat' dir='ltr'>prioris</span> <span class='ocrx_word' id='word_1_169' title='bbox 922 2049 1098 2088; x_wconf 74' lang='lat' dir='ltr'>aetatis.</span> <span class='ocrx_word' id='word_1_170' title='bbox 1140 2048 1325 2087; x_wconf 80' lang='lat' dir='ltr'>Deinde:</span> <span class='ocrx_word' id='word_1_171' title='bbox 1372 2044 1418 2095; x_wconf 76' lang='lat'>„5</span> <span class='ocrx_word' id='word_1_172' title='bbox 1452 2044 1493 2084; x_wconf 73' lang='grc' dir='ltr'>δὲ</span> <span class='ocrx_word' id='word_1_173' title='bbox 1525 2045 1596 2096; x_wconf 75' lang='grc' dir='ltr'>τὴν</span> <span class='ocrx_word' id='word_1_174' title='bbox 1633 2045 1898 2097; x_wconf 83' lang='grc' dir='ltr'><em>Τηλεγόνειαν</em></span> <span class='ocrx_word' id='word_1_175' title='bbox 1927 2044 2086 2096; x_wconf 75' lang='grc' dir='ltr'><em>γράψας</em></span> 
     </span>
     <span class='ocr_line' id='line_1_24' title="bbox 455 2118 2087 2177; baseline -0.004 -12"><span class='ocrx_word' id='word_1_176' title='bbox 455 2128 686 2177; x_wconf 72' lang='grc' dir='ltr'><em>Κυρηναῖος</em></span> <span class='ocrx_word' id='word_1_177' title='bbox 730 2125 771 2164; x_wconf 82' lang='grc' dir='ltr'>ἐκ</span> <span class='ocrx_word' id='word_1_178' title='bbox 814 2123 885 2176; x_wconf 79' lang='grc' dir='ltr'>μὲν</span> <span class='ocrx_word' id='word_1_179' title='bbox 928 2127 1217 2173; x_wconf 83' lang='grc' dir='ltr'><em>Καλυψοῦς</em></span> <span class='ocrx_word' id='word_1_180' title='bbox 1264 2121 1487 2175; x_wconf 77' lang='grc' dir='ltr'><em>Τηλέγονον</em></span> <span class='ocrx_word' id='word_1_181' title='bbox 1531 2121 1620 2165; x_wconf 77' lang='grc' dir='ltr'><em>υἱὸν</em></span> <span class='ocrx_word' id='word_1_182' title='bbox 1652 2118 1839 2160; x_wconf 81' lang='grc' dir='ltr'><em>Ὀδυσσεῖ</em></span> <span class='ocrx_word' id='word_1_183' title='bbox 1865 2120 2087 2173; x_wconf 75' lang='grc' dir='ltr'><em>ἀναγράφει</em></span> 
     </span>
     <span class='ocr_line' id='line_1_25' title="bbox 453 2192 1923 2252; baseline -0.003 -11"><span class='ocrx_word' id='word_1_184' title='bbox 453 2200 478 2252; x_wconf 65' lang='grc' dir='ltr'>’ἢ</span> <span class='ocrx_word' id='word_1_185' title='bbox 515 2200 761 2252; x_wconf 69' lang='grc' dir='ltr'><em>Τηλέδαμον,</em></span> <span class='ocrx_word' id='word_1_186' title='bbox 793 2200 833 2240; x_wconf 73' lang='grc' dir='ltr'>ἐκ</span> <span class='ocrx_word' id='word_1_187' title='bbox 868 2198 910 2239; x_wconf 81' lang='grc' dir='ltr'>δὲ</span> <span class='ocrx_word' id='word_1_188' title='bbox 945 2199 1185 2251; x_wconf 79' lang='grc' dir='ltr'><em>Πηνελόπης</em></span> <span class='ocrx_word' id='word_1_189' title='bbox 1221 2197 1451 2249; x_wconf 82' lang='grc' dir='ltr'><em>Τηλέμαχον</em></span> <span class='ocrx_word' id='word_1_190' title='bbox 1483 2196 1548 2236; x_wconf 79' lang='grc' dir='ltr'>καὶ</span> <span class='ocrx_word' id='word_1_191' title='bbox 1581 2197 1858 2248; x_wconf 79' lang='grc' dir='ltr'><em>Ἀρκεσίλαον”</em></span> <span class='ocrx_word' id='word_1_192' title='bbox 1879 2192 1923 2243; x_wconf 71' lang='lat'>⁴).</span> 
     </span>
    </p>

    <p class='ocr_par' dir='ltr' id='par_1_6' title="bbox 455 2273 2087 2628">
     <span class='ocr_line' id='line_1_26' title="bbox 517 2273 2087 2327; baseline -0.004 -10"><span class='ocrx_word' id='word_1_193' title='bbox 517 2278 710 2326; x_wconf 87' lang='lat' dir='ltr'>„Nomen</span> <span class='ocrx_word' id='word_1_194' title='bbox 749 2275 976 2327; x_wconf 74' lang='grc' dir='ltr'><em>Τηλέδᾶμος</em></span> <span class='ocrx_word' id='word_1_195' title='bbox 1009 2277 1127 2324; x_wconf 91' lang='lat' dir='ltr'>epico</span> <span class='ocrx_word' id='word_1_196' title='bbox 1161 2285 1289 2314; x_wconf 89' lang='lat' dir='ltr'>versu</span> <span class='ocrx_word' id='word_1_197' title='bbox 1317 2275 1398 2313; x_wconf 88' lang='lat' dir='ltr'>dici</span> <span class='ocrx_word' id='word_1_198' title='bbox 1426 2274 1593 2323; x_wconf 84' lang='lat' dir='ltr'>nequit,</span> <span class='ocrx_word' id='word_1_199' title='bbox 1623 2273 1709 2312; x_wconf 84' lang='lat' dir='ltr'>levi</span> <span class='ocrx_word' id='word_1_200' title='bbox 1738 2283 1870 2312; x_wconf 90' lang='lat' dir='ltr'>manu</span> <span class='ocrx_word' id='word_1_201' title='bbox 1889 2274 2087 2311; x_wconf 83' lang='lat' dir='ltr'>mutatur</span> 
     </span>
     <span class='ocr_line' id='line_1_27' title="bbox 456 2346 2084 2402; baseline -0.003 -11"><span class='ocrx_word' id='word_1_202' title='bbox 456 2353 498 2391; x_wconf 89' lang='lat' dir='ltr'>in</span> <span class='ocrx_word' id='word_1_203' title='bbox 535 2351 808 2402; x_wconf 48' lang='lat' dir='ltr'>Tqie&#39;dmzog’ss</span> <span class='ocrx_word' id='word_1_204' title='bbox 843 2353 905 2391; x_wconf 89' lang='lat' dir='ltr'>sic</span> <span class='ocrx_word' id='word_1_205' title='bbox 937 2351 1236 2390; x_wconf 82' lang='lat' dir='ltr'>Wilamowitz</span> <span class='ocrx_word' id='word_1_206' title='bbox 1269 2350 1327 2388; x_wconf 93' lang='lat' dir='ltr'>l.l.</span> <span class='ocrx_word' id='word_1_207' title='bbox 1361 2361 1401 2399; x_wconf 92' lang='lat' dir='ltr'>p.</span> <span class='ocrx_word' id='word_1_208' title='bbox 1435 2350 1530 2388; x_wconf 83' lang='lat'>183.</span> <span class='ocrx_word' id='word_1_209' title='bbox 1559 2349 1639 2388; x_wconf 87' lang='lat' dir='ltr'>Sed</span> <span class='ocrx_word' id='word_1_210' title='bbox 1667 2349 1817 2396; x_wconf 86' lang='lat' dir='ltr'>quidni</span> <span class='ocrx_word' id='word_1_211' title='bbox 1847 2346 2084 2397; x_wconf 66' lang='grc' dir='ltr'><em>Τελέδαμος,</em></span> 
     </span>
     <span class='ocr_line' id='line_1_28' title="bbox 456 2423 2086 2476; baseline -0.004 -8"><span class='ocrx_word' id='word_1_212' title='bbox 456 2429 566 2476; x_wconf 84' lang='lat' dir='ltr'>quod</span> <span class='ocrx_word' id='word_1_213' title='bbox 611 2438 769 2467; x_wconf 90' lang='lat' dir='ltr'>nomen</span> <span class='ocrx_word' id='word_1_214' title='bbox 803 2429 952 2467; x_wconf 88' lang='lat' dir='ltr'>exstat</span> <span class='ocrx_word' id='word_1_215' title='bbox 986 2428 1112 2465; x_wconf 76' lang='lat' dir='ltr'>Faus.</span> <span class='ocrx_word' id='word_1_216' title='bbox 1146 2426 1203 2475; x_wconf 85' lang='lat' dir='ltr'>II,</span> <span class='ocrx_word' id='word_1_217' title='bbox 1244 2427 1309 2474; x_wconf 82' lang='lat'>16,</span> <span class='ocrx_word' id='word_1_218' title='bbox 1345 2427 1383 2474; x_wconf 87' lang='grc'>6,</span> <span class='ocrx_word' id='word_1_219' title='bbox 1418 2425 1491 2463; x_wconf 90' lang='lat' dir='ltr'>ubi</span> <span class='ocrx_word' id='word_1_220' title='bbox 1523 2425 1586 2464; x_wconf 88' lang='lat' dir='ltr'>sic</span> <span class='ocrx_word' id='word_1_221' title='bbox 1611 2427 1792 2463; x_wconf 84' lang='lat' dir='ltr'>vocatur</span> <span class='ocrx_word' id='word_1_222' title='bbox 1819 2423 2086 2463; x_wconf 82' lang='lat' dir='ltr'>Cassandrae</span> 
     </span>
     <span class='ocr_line' id='line_1_29' title="bbox 456 2499 2086 2553; baseline -0.004 -10"><span class='ocrx_word' id='word_1_223' title='bbox 456 2504 587 2553; x_wconf 90' lang='lat' dir='ltr'>filius,</span> <span class='ocrx_word' id='word_1_224' title='bbox 618 2506 745 2542; x_wconf 88' lang='lat' dir='ltr'>heros</span> <span class='ocrx_word' id='word_1_225' title='bbox 774 2514 828 2542; x_wconf 87' lang='lat' dir='ltr'>ex</span> <span class='ocrx_word' id='word_1_226' title='bbox 855 2503 975 2552; x_wconf 90' lang='lat' dir='ltr'>epico</span> <span class='ocrx_word' id='word_1_227' title='bbox 1004 2502 1190 2550; x_wconf 89' lang='lat' dir='ltr'>quodam</span> <span class='ocrx_word' id='word_1_228' title='bbox 1219 2501 1424 2540; x_wconf 87' lang='lat' dir='ltr'>carmine.</span> <span class='ocrx_word' id='word_1_229' title='bbox 1454 2501 1622 2549; x_wconf 86' lang='lat' dir='ltr'>Lapsus</span> <span class='ocrx_word' id='word_1_230' title='bbox 1644 2501 1753 2538; x_wconf 90' lang='lat' dir='ltr'>mihi</span> <span class='ocrx_word' id='word_1_231' title='bbox 1770 2500 1954 2549; x_wconf 89' lang='lat' dir='ltr'>videtur,</span> <span class='ocrx_word' id='word_1_232' title='bbox 1973 2499 2086 2547; x_wconf 89' lang='lat' dir='ltr'>quod</span> 
     </span>
     <span class='ocr_line' id='line_1_30' title="bbox 455 2574 2086 2628; baseline -0.003 -10"><span class='ocrx_word' id='word_1_233' title='bbox 455 2580 698 2628; x_wconf 86' lang='lat' dir='ltr'>Telegonus</span> <span class='ocrx_word' id='word_1_234' title='bbox 737 2580 795 2617; x_wconf 80' lang='lat' dir='ltr'>vel</span> <span class='ocrx_word' id='word_1_235' title='bbox 833 2579 1093 2618; x_wconf 88' lang='lat' dir='ltr'>Teledamus</span> <span class='ocrx_word' id='word_1_236' title='bbox 1134 2578 1202 2615; x_wconf 89' lang='lat' dir='ltr'>hic</span> <span class='ocrx_word' id='word_1_237' title='bbox 1245 2579 1426 2615; x_wconf 85' lang='lat' dir='ltr'>vocatur</span> <span class='ocrx_word' id='word_1_238' title='bbox 1468 2587 1552 2616; x_wconf 92' lang='lat' dir='ltr'>non</span> <span class='ocrx_word' id='word_1_239' title='bbox 1599 2574 1735 2614; x_wconf 64' lang='lat' dir='ltr'>Circes</span> <span class='ocrx_word' id='word_1_240' title='bbox 1766 2576 1840 2614; x_wconf 88' lang='lat' dir='ltr'>sed</span> <span class='ocrx_word' id='word_1_241' title='bbox 1874 2575 2086 2624; x_wconf 85' lang='lat' dir='ltr'>Calypsus</span> 
     </span>
    </p>
   </div>
   <div class='ocr_carea' id='block_1_3' title="bbox 542 2690 678 2693">
    <p class='ocr_par' dir='ltr' id='par_1_7' title="bbox 542 2690 678 2693">
     <span class='ocr_line' id='line_1_31' title="bbox 542 2690 678 2693; baseline 0 0"><span class='ocrx_word' id='word_1_242' title='bbox 542 2690 678 2693; x_wconf 95' lang='lat' dir='ltr'> </span> 
     </span>
    </p>
   </div>
   <div class='ocr_carea' id='block_1_4' title="bbox 452 2749 2089 3086">
    <p class='ocr_par' dir='ltr' id='par_1_8' title="bbox 500 2749 1276 2791">
     <span class='ocr_line' id='line_1_32' title="bbox 500 2749 1276 2791; baseline -0.003 -10"><span class='ocrx_word' id='word_1_243' title='bbox 500 2749 524 2791; x_wconf 91' lang='lat'>¹)</span> <span class='ocrx_word' id='word_1_244' title='bbox 549 2752 595 2781; x_wconf 91' lang='lat' dir='ltr'>l.l.</span> <span class='ocrx_word' id='word_1_245' title='bbox 620 2761 653 2790; x_wconf 91' lang='lat' dir='ltr'>p.</span> <span class='ocrx_word' id='word_1_246' title='bbox 680 2751 753 2781; x_wconf 85' lang='lat'>187.</span> <span class='ocrx_word' id='word_1_247' title='bbox 779 2751 1002 2780; x_wconf 75' lang='lat' dir='ltr'>Kretschmei·</span> <span class='ocrx_word' id='word_1_248' title='bbox 1027 2749 1115 2779; x_wconf 87' lang='lat' dir='ltr'>Einl.</span> <span class='ocrx_word' id='word_1_249' title='bbox 1141 2759 1174 2789; x_wconf 88' lang='lat' dir='ltr'>p.</span> <span class='ocrx_word' id='word_1_250' title='bbox 1201 2751 1276 2780; x_wconf 85' lang='lat'>229.</span> 
     </span>
    </p>

    <p class='ocr_par' dir='ltr' id='par_1_9' title="bbox 495 2809 1287 2851">
     <span class='ocr_line' id='line_1_33' title="bbox 495 2809 1287 2851; baseline -0.001 -9"><span class='ocrx_word' id='word_1_251' title='bbox 495 2809 523 2851; x_wconf 72' lang='grc'>2)</span> <span class='ocrx_word' id='word_1_252' title='bbox 548 2810 621 2843; x_wconf 84' lang='lat' dir='ltr'>Vid.</span> <span class='ocrx_word' id='word_1_253' title='bbox 646 2812 752 2851; x_wconf 82' lang='lat' dir='ltr'>Diels,</span> <span class='ocrx_word' id='word_1_254' title='bbox 775 2811 909 2847; x_wconf 79' lang='lat' dir='ltr'>Fragm.</span> <span class='ocrx_word' id='word_1_255' title='bbox 938 2810 1130 2841; x_wconf 80' lang='lat' dir='ltr'>Vorsocrat.</span> <span class='ocrx_word' id='word_1_256' title='bbox 1156 2812 1233 2848; x_wconf 82' lang='lat'><strong>497,</strong></span> <span class='ocrx_word' id='word_1_257' title='bbox 1257 2812 1287 2842; x_wconf 84' lang='lat'>6.</span> 
     </span>
    </p>

    <p class='ocr_par' dir='ltr' id='par_1_10' title="bbox 456 2869 2084 2975">
     <span class='ocr_line' id='line_1_34' title="bbox 495 2869 2084 2911; baseline -0.003 -9"><span class='ocrx_word' id='word_1_258' title='bbox 495 2871 522 2911; x_wconf 76' lang='lat'>3)</span> <span class='ocrx_word' id='word_1_259' title='bbox 548 2873 598 2903; x_wconf 83' lang='lat' dir='ltr'>Cf.</span> <span class='ocrx_word' id='word_1_260' title='bbox 642 2871 818 2902; x_wconf 80' lang='lat' dir='ltr'>Proclum:</span> <span class='ocrx_word' id='word_1_261' title='bbox 864 2875 1072 2908; x_wconf 74' lang='lat' dir='ltr'>„ovw&#39;cnnrar</span> <span class='ocrx_word' id='word_1_262' title='bbox 1109 2873 1140 2901; x_wconf 75' lang='grc' dir='ltr'>δὲ</span> <span class='ocrx_word' id='word_1_263' title='bbox 1178 2875 1296 2905; x_wconf 79' lang='grc' dir='ltr'><em>τούτοις</em></span> <span class='ocrx_word' id='word_1_264' title='bbox 1326 2872 1371 2900; x_wconf 75' lang='grc' dir='ltr'>τὰ</span> <span class='ocrx_word' id='word_1_265' title='bbox 1410 2877 1479 2900; x_wconf 67' lang='grc' dir='ltr'>τῶν</span> <span class='ocrx_word' id='word_1_266' title='bbox 1516 2872 1679 2900; x_wconf 80' lang='grc' dir='ltr'><em>Νόστων</em></span> <span class='ocrx_word' id='word_1_267' title='bbox 1714 2872 1854 2909; x_wconf 69' lang='grc' dir='ltr'><em>βιβλία</em></span> <span class='ocrx_word' id='word_1_268' title='bbox 1889 2869 1909 2898; x_wconf 79' lang='grc' dir='ltr'>ε’</span> <span class='ocrx_word' id='word_1_269' title='bbox 1948 2871 2084 2907; x_wconf 68' lang='grc' dir='ltr'><em>Ἀγίου</em></span> 
     </span>
     <span class='ocr_line' id='line_1_35' title="bbox 456 2934 727 2975; baseline -0.007 -11"><span class='ocrx_word' id='word_1_270' title='bbox 456 2934 727 2975; x_wconf 72' lang='grc' dir='ltr'><em>Τροιζηνίου”.</em></span> 
     </span>
    </p>

    <p class='ocr_par' dir='ltr' id='par_1_11' title="bbox 452 2991 2089 3086">
     <span class='ocr_line' id='line_1_36' title="bbox 494 2991 2089 3032; baseline -0.003 -8"><span class='ocrx_word' id='word_1_271' title='bbox 494 2993 522 3032; x_wconf 86' lang='lat'>⁴)</span> <span class='ocrx_word' id='word_1_272' title='bbox 547 2995 721 3024; x_wconf 77' lang='lat' dir='ltr'>Arcesilae</span> <span class='ocrx_word' id='word_1_273' title='bbox 748 3003 870 3025; x_wconf 83' lang='lat' dir='ltr'>nomen</span> <span class='ocrx_word' id='word_1_274' title='bbox 897 2993 1031 3023; x_wconf 76' lang='lat' dir='ltr'>addidit</span> <span class='ocrx_word' id='word_1_275' title='bbox 1054 2995 1272 3030; x_wconf 73' lang='lat' dir='ltr'>Eugammon</span> <span class='ocrx_word' id='word_1_276' title='bbox 1296 2996 1334 3024; x_wconf 85' lang='lat' dir='ltr'>ut</span> <span class='ocrx_word' id='word_1_277' title='bbox 1361 2994 1615 3031; x_wconf 77' lang='lat' dir='ltr'>Cyrenaeorum</span> <span class='ocrx_word' id='word_1_278' title='bbox 1637 3000 1756 3029; x_wconf 78' lang='lat' dir='ltr'>regum</span> <span class='ocrx_word' id='word_1_279' title='bbox 1784 3000 1893 3027; x_wconf 77' lang='lat' dir='ltr'>genus</span> <span class='ocrx_word' id='word_1_280' title='bbox 1920 2991 2089 3029; x_wconf 76' lang='lat' dir='ltr'>exquisite</span> 
     </span>
     <span class='ocr_line' id='line_1_37' title="bbox 452 3056 648 3086; baseline 0 -1"><span class='ocrx_word' id='word_1_281' title='bbox 452 3056 648 3086; x_wconf 78' lang='lat' dir='ltr'>honoraret.</span> 
     </span>
    </p>
   </div>
  </div>
 </body>
</html>
