2200 3487
416 330 469 366 9⁴3
1107 339 1159 366 DE
1192 339 1336 366 AiAcE.

410 453 611 492 Boeotiae
658 454 701 491 in
748 454 994 502 regionibus
1036 453 1232 492 Euboeae
1276 453 1487 502 oppositis
1528 451 1838 490 habitantium.
1874 451 2031 490 Postea

414 539 513 567 vero
547 540 571 567 a
602 529 717 577 regis
750 529 926 567 nomine
959 529 1136 577 Leleges
1170 529 1438 568 vocabantur
1475 529 1725 566 Locrenses,

473 604 596 643 Hanc
627 605 802 653 Scymni
828 605 1089 653 sapientiam
1124 605 1221 649 (587
1254 615 1345 652 sqq.
1379 603 1494 642 Muli.
1529 603 1641 642 GGM
1671 603 1701 644 Ι)
1731 602 1912 640 minime
1939 611 2036 640 esse

410 679 681 718 abiciendam
724 681 881 719 docent
911 680 1128 719 Hesiodus
1162 682 1203 718 et
1234 680 1449 718 Pindarus
1481 679 1596 717 idem
1629 680 1870 719 testantes„
1910 677 2036 725 Frag-

414 757 609 794 mentum
643 755 909 794 Hesiodeum
942 756 1029 794 iam
1063 765 1195 803 supra
1225 755 1504 793 laudavimus
1537 755 1635 798 (115
1669 754 1781 797 RZ.):

651 830 736 880 ἤτοι
768 830 841 882 γὰρ
875 830 1034 882 Λοκρὸς
1068 829 1255 881 Λελέγων
1288 827 1463 880 ἡγήσατο
1497 832 1623 878 λαῶν,

648 907 737 952 τούς
771 905 818 955 ῥά
850 920 942 944 ποτε
975 905 1178 957 Κρονίδης
1213 905 1312 951 Ζεὺς
1349 905 1502 952 ἄφθιτα
1535 903 1661 954 μήδεα
1693 901 1836 947 Ῐειδώς

649 980 806 1027 λεκτοὺς
839 980 879 1019 ἐκ
911 981 1025 1032 γαίης
1058 979 1172 1026 ἁλέας
1205 980 1302 1030 πόρε
1334 979 1592 1018 Δευκαλίωνι.

473 1055 636 1112 Cecinit
670 1059 815 1095 autem
849 1057 1062 1095 Pindarus
1094 1057 1173 1102 (Ol.
1207 1057 1280 1106 IX,
1317 1058 1370 1095 56
1404 1059 1531 1104 sqq.):

651 1131 780 1177 (Ζεὺς)
808 1128 1019 1181 Ὀλύμπιος
1053 1129 1210 1182 ἁγεμών

649 1203 811 1258 θύγατρ’
850 1206 928 1246 ἀπὸ
961 1214 1031 1259 γᾶς
1061 1203 1229 1246 Ἐπειῶν
1255 1204 1463 1253 Ὀπόεντος
1497 1206 1748 1257 ἀναρπάσαις
1782 1203 1920 1250 ἕκαλος

650 1282 792 1333 μείχθη
828 1283 1121 1321 Μαιναλίαισιν
1155 1282 1196 1322 ἐν
1231 1284 1396 1334 δειραῖς,
1423 1281 1489 1321 καὶ
1522 1281 1672 1321 ἔνεικεν

649 1360 813 1411 Λοκρῷ,
845 1357 897 1408 μὴ
930 1357 1096 1397 καθέλοι
1130 1374 1192 1397 νιν
1229 1358 1327 1398 αἰὼν
1359 1358 1511 1408 πότμον
1544 1356 1721 1407 ἐφάψαις

648 1430 829 1482 ὀρφανὸν
862 1439 1017 1484 γενεᾶς,
1048 1433 1131 1484 ἔχεν
1165 1431 1207 1472 δὲ
1241 1432 1394 1484 σπέρμα
1428 1432 1612 1485 μέγιστον

648 1506 805 1558 ἄλοχος,
838 1507 1054 1558 εὐφράνθη
1087 1523 1124 1546 τε
1156 1508 1254 1546 ἶὸῶν
1287 1508 1391 1559 ἥρως
1424 1507 1545 1546 θετὸν
1574 1507 1682 1553 υἱόν,

649 1582 828 1633 μάτρωος
863 1579 898 1621 δ’
935 1581 1120 1621 ἐκάλεσσέ
1154 1599 1218 1621 νιν

651 1657 854 1708 ἰσώνυμον
886 1657 1024 1709 ἔμμεν,

648 1733 880 1786 ὑπέρφατον
913 1734 1041 1787 ἄνδρα
1072 1743 1208 1790 μορφᾷ
1239 1751 1278 1774 τε
1310 1736 1378 1774 καί

648 1809 806 1862 ἔργοισι.
839 1811 956 1850 πόλιν
991 1808 1021 1849 δ’
1058 1811 1218 1850 ὤπασεν
1249 1811 1348 1850 λαόν
1380 1826 1417 1850 τε
1449 1812 1616 1850 διαιτᾶν.

472 1886 669 1935 luppitur
712 1887 844 1935 igitur
882 1898 935 1925 ex
978 1889 1103 1935 rapta
1141 1887 1325 1935 Opuntis
1359 1888 1590 1935 Epeiorum
1624 1888 1738 1935 regis
1768 1886 1857 1925 filia
1889 1885 2038 1934 genuit

409 1961 563 2011 filium,
599 1973 727 2010 quem
762 1963 991 2001 transtulit
1023 1963 1075 2001 ad
1108 1963 1293 2002 Locrum
1324 1963 1533 2011 Lelegum
1554 1973 1714 2011 regem.
1748 1963 1829 2001 Hic
1855 1971 2037 2010 puerum

410 2039 632 2087 adoptavit
664 2039 994 2086 nominavitque
1027 2039 1078 2077 de
1111 2049 1194 2078 avo
1226 2041 1426 2078 materno
1461 2039 1692 2087 Opuntem.

469 2115 567 2152 Fuit
599 2124 751 2153 revera
783 2114 887 2153 urbs
920 2117 963 2153 et
990 2115 1152 2154 flumen
1179 2116 1313 2154 Elidis
1341 2116 1516 2154 nomine
1544 2115 1730 2163 Opuntis
1748 2115 1896 2160 (schol.
1915 2116 2036 2154 Pind.

412 2190 474 2229 Ol.
509 2190 581 2238 IX,
618 2191 686 2237 64,
723 2191 807 2234 85).
859 2190 939 2228 Sed
988 2191 1206 2238 quodnam
1254 2201 1413 2229 nomen
1462 2191 1599 2239 gessit
1640 2190 1729 2229 filia
1769 2191 1862 2239 illa,
1906 2201 2036 2238 quam

410 2265 600 2312 Iuppiter
642 2265 771 2312 Epeio
815 2265 976 2314 Opunti
1015 2266 1238 2314 surripuit.
1266 2266 1517 2314 Respondet
1548 2266 1811 2304 Plutarchus
1842 2265 1932 2314 (Qu.
1966 2266 2035 2304 Gr.

411 2339 524 2385 XV):
578 2340 787 2388 „tDvom'ov
837 2340 1112 2390 Άμφικτίονος
1160 2340 1247 2386 υἱὸς
1295 2335 1346 2390 ἦν
1394 2339 1563 2390 Λοκρός.
1613 2339 1654 2378 ἐκ
1702 2338 1744 2378 δὲ
1786 2341 1927 2379 τούτου
1970 2339 2037 2379 ναὶ

412 2415 579 2464 Καβύης
614 2414 784 2464 Λοκρός.

470 2490 799 2528 Emendandum
847 2501 1000 2529 censeo
1048 2489 1089 2528 ἐκ
1132 2487 1173 2527 δὲ
1221 2490 1363 2528 τούτου
1407 2489 1469 2527 καὶ
1516 2490 1683 2540 Καβύης
1718 2487 1876 2536 Ὀποῦς.
1924 2492 2034 2530 Nam

412 2564 668 2603 Plutarchus
711 2566 900 2605 breviter
942 2576 1034 2604 rem
1079 2566 1314 2614 expediens
1355 2566 1472 2604 lovis
1504 2566 1773 2604 mentionem
1807 2566 1910 2605 facit
1944 2567 2036 2605 nul-

405 2640 512 2687 lam,
548 2650 568 2677 e
604 2641 734 2679 Locro
770 2652 871 2680 vero
904 2643 1102 2689 genitum
1136 2651 1234 2680 esse
1267 2641 1371 2680 facit
1398 2641 1541 2689 illum,
1577 2651 1705 2687 quem
1732 2644 2034 2689 procreaverat

410 2715 613 2762 Iuppiter.
649 2714 850 2753 Carmine
883 2718 1031 2755 autem
1059 2717 1286 2755 Pindarico
1314 2727 1446 2765 supra
1471 2716 1649 2754 laudato
1677 2717 1880 2754 docemur
1907 2716 2036 2755 huius

410 2790 531 2836 pueri
563 2799 722 2827 nomen
757 2790 891 2828 fuisse
925 2801 1011 2829 non
1045 2792 1230 2830 Locrum
1265 2792 1341 2830 sed
1375 2792 1607 2839 Opuntem.

471 2864 626 2902 Mirum
661 2875 820 2902 nomen
852 2866 964 2913 gerit
995 2869 1137 2905 mater
1171 2866 1316 2916 Καβύη
1344 2877 1475 2914 quam
1504 2865 1763 2904 Aristoteles
1791 2866 2036 2914 appellasse

411 2940 580 2978 videtur
613 2939 849 2989 Καμβύσην.
883 2941 1132 2988 Legendum
1169 2952 1266 2981 esse
1299 2942 1553 2981 crediderim
1587 2940 1737 2989 Καφύη
1771 2941 1855 2979 nisi
1891 2941 2035 2991 Καβύη

411 3014 497 3052 alia
543 3015 739 3052 eiusdem
787 3016 978 3053 nominis
1026 3017 1223 3055 habenda
1270 3017 1327 3055 sit
1373 3017 1525 3055 forma.
1570 3016 1722 3064 Καφύη
1771 3016 1837 3054 vel
1890 3016 2035 3065 Καπύη
