<?xml version="1.0" encoding="UTF-8"?>
<!DOCTYPE html PUBLIC "-//W3C//DTD XHTML 1.0 Transitional//EN"
    "http://www.w3.org/TR/xhtml1/DTD/xhtml1-transitional.dtd">
<html xmlns="http://www.w3.org/1999/xhtml" xml:lang="en" lang="en">
 <head>
  <title>
</title>
<meta http-equiv="Content-Type" content="text/html;charset=utf-8" />
  <meta name='ocr-system' content='tesseract 3.04.00' />
  <meta name='ocr-capabilities' content='ocr_page ocr_carea ocr_par ocr_line ocrx_word'/>
</head>
<body>
  <div class='ocr_page' id='page_1' title='image "./deaiacisoriginec00vr_0181.png"; bbox 0 0 2141 3487; ppageno 0'>
   <div class='ocr_carea' id='block_1_1' title="bbox 823 292 1771 330">
    <p class='ocr_par' dir='ltr' id='par_1_1' title="bbox 823 292 1771 330">
     <span class='ocr_line' id='line_1_1' title="bbox 823 292 1771 330; baseline -0.001 -1"><span class='ocrx_word' id='word_1_1' title='bbox 823 303 874 330; x_wconf 74' lang='lat' dir='ltr'>DE</span> <span class='ocrx_word' id='word_1_2' title='bbox 908 302 1105 329; x_wconf 69' lang='lat' dir='ltr'>CAnNffls.</span> <span class='ocrx_word' id='word_1_3' title='bbox 1693 292 1771 329; x_wconf 81' lang='grc'>169</span> 
     </span>
    </p>
   </div>
   <div class='ocr_carea' id='block_1_2' title="bbox 134 415 1779 2660">
    <p class='ocr_par' dir='ltr' id='par_1_2' title="bbox 140 415 1779 1448">
     <span class='ocr_line' id='line_1_2' title="bbox 145 415 1775 464; baseline -0.002 -8"><span class='ocrx_word' id='word_1_4' title='bbox 145 418 324 456; x_wconf 85' lang='lat' dir='ltr'>duxisse</span> <span class='ocrx_word' id='word_1_5' title='bbox 371 417 593 464; x_wconf 78' lang='lat' dir='ltr'>expressis</span> <span class='ocrx_word' id='word_1_6' title='bbox 644 416 787 454; x_wconf 89' lang='lat' dir='ltr'>verbis</span> <span class='ocrx_word' id='word_1_7' title='bbox 833 416 959 453; x_wconf 88' lang='lat' dir='ltr'>docet</span> <span class='ocrx_word' id='word_1_8' title='bbox 1002 415 1177 452; x_wconf 85' lang='lat' dir='ltr'>Exodus</span> <span class='ocrx_word' id='word_1_9' title='bbox 1222 415 1393 461; x_wconf 80' lang='lat'><strong>23:14,</strong></span> <span class='ocrx_word' id='word_1_10' title='bbox 1443 416 1508 459; x_wconf 78' lang='lat'>15,</span> <span class='ocrx_word' id='word_1_11' title='bbox 1549 416 1611 452; x_wconf 88' lang='grc'>16.</span> <span class='ocrx_word' id='word_1_12' title='bbox 1647 415 1775 452; x_wconf 87' lang='lat' dir='ltr'>Kasir</span> 
     </span>
     <span class='ocr_line' id='line_1_3' title="bbox 147 490 1773 538; baseline -0.002 -7"><span class='ocrx_word' id='word_1_13' title='bbox 147 494 309 531; x_wconf 81' lang='lat' dir='ltr'>festum</span> <span class='ocrx_word' id='word_1_14' title='bbox 354 493 535 530; x_wconf 59' lang='lat' dir='ltr'>¹aestatis</span> <span class='ocrx_word' id='word_1_15' title='bbox 576 491 700 529; x_wconf 74' lang='lat' dir='ltr'>initio</span> <span class='ocrx_word' id='word_1_16' title='bbox 746 513 797 518; x_wconf 88' lang='lat'>——</span> <span class='ocrx_word' id='word_1_17' title='bbox 841 501 925 538; x_wconf 85' lang='lat' dir='ltr'>quo</span> <span class='ocrx_word' id='word_1_18' title='bbox 953 491 1093 528; x_wconf 90' lang='lat' dir='ltr'>secari</span> <span class='ocrx_word' id='word_1_19' title='bbox 1126 490 1238 528; x_wconf 82' lang='lat' dir='ltr'>solet</span> <span class='ocrx_word' id='word_1_20' title='bbox 1271 490 1465 528; x_wconf 85' lang='lat' dir='ltr'>triticum</span> <span class='ocrx_word' id='word_1_21' title='bbox 1505 512 1550 516; x_wconf 92' lang='lat'>-</span> <span class='ocrx_word' id='word_1_22' title='bbox 1590 490 1773 537; x_wconf 78' lang='lat' dir='ltr'>agebant</span> 
     </span>
     <span class='ocr_line' id='line_1_4' title="bbox 148 565 1773 616; baseline -0.003 -9"><span class='ocrx_word' id='word_1_23' title='bbox 148 569 360 607; x_wconf 81' lang='lat' dir='ltr'>ruricolae</span> <span class='ocrx_word' id='word_1_24' title='bbox 385 565 434 615; x_wconf 86' lang='lat'>¹);</span> <span class='ocrx_word' id='word_1_25' title='bbox 479 568 635 616; x_wconf 87' lang='lat' dir='ltr'>Asiph,</span> <span class='ocrx_word' id='word_1_26' title='bbox 681 567 804 606; x_wconf 89' lang='lat' dir='ltr'>cuius</span> <span class='ocrx_word' id='word_1_27' title='bbox 836 576 994 604; x_wconf 90' lang='lat' dir='ltr'>nomen</span> <span class='ocrx_word' id='word_1_28' title='bbox 1030 576 1129 604; x_wconf 91' lang='lat' dir='ltr'>cum</span> <span class='ocrx_word' id='word_1_29' title='bbox 1163 566 1384 605; x_wconf 89' lang='lat' dir='ltr'>vindemia</span> <span class='ocrx_word' id='word_1_30' title='bbox 1416 565 1639 613; x_wconf 82' lang='lat' dir='ltr'>cohaeret,</span> <span class='ocrx_word' id='word_1_31' title='bbox 1672 565 1773 603; x_wconf 89' lang='lat' dir='ltr'>cele-</span> 
     </span>
     <span class='ocr_line' id='line_1_5' title="bbox 147 641 1777 692; baseline -0.002 -10"><span class='ocrx_word' id='word_1_32' title='bbox 147 644 349 682; x_wconf 72' lang='lat' dir='ltr'>brabatur</span> <span class='ocrx_word' id='word_1_33' title='bbox 381 645 614 682; x_wconf 90' lang='lat' dir='ltr'>autumno:</span> <span class='ocrx_word' id='word_1_34' title='bbox 644 642 847 692; x_wconf 78' lang='grc' dir='ltr'><em>πανδημεί</em></span> <span class='ocrx_word' id='word_1_35' title='bbox 871 642 1072 680; x_wconf 88' lang='lat' dir='ltr'>homines</span> <span class='ocrx_word' id='word_1_36' title='bbox 1102 642 1248 680; x_wconf 90' lang='lat' dir='ltr'>vineta</span> <span class='ocrx_word' id='word_1_37' title='bbox 1273 641 1497 680; x_wconf 81' lang='lat' dir='ltr'>intrabant</span> <span class='ocrx_word' id='word_1_38' title='bbox 1523 641 1777 687; x_wconf 81' lang='lat' dir='ltr'>umbrisque</span> 
     </span>
     <span class='ocr_line' id='line_1_6' title="bbox 146 717 1776 766; baseline -0.002 -9"><span class='ocrx_word' id='word_1_39' title='bbox 146 719 226 757; x_wconf 94' lang='lat' dir='ltr'>sub</span> <span class='ocrx_word' id='word_1_40' title='bbox 269 719 367 757; x_wconf 87' lang='lat' dir='ltr'>divo</span> <span class='ocrx_word' id='word_1_41' title='bbox 410 719 565 766; x_wconf 90' lang='lat' dir='ltr'>positis</span> <span class='ocrx_word' id='word_1_42' title='bbox 606 728 737 757; x_wconf 90' lang='lat' dir='ltr'>uvam</span> <span class='ocrx_word' id='word_1_43' title='bbox 781 718 998 766; x_wconf 87' lang='lat' dir='ltr'>legebant.</span> <span class='ocrx_word' id='word_1_44' title='bbox 1043 718 1124 756; x_wconf 86' lang='lat' dir='ltr'>Sed</span> <span class='ocrx_word' id='word_1_45' title='bbox 1167 718 1354 766; x_wconf 85' lang='lat' dir='ltr'>primum</span> <span class='ocrx_word' id='word_1_46' title='bbox 1392 726 1561 764; x_wconf 86' lang='lat' dir='ltr'>quoque</span> <span class='ocrx_word' id='word_1_47' title='bbox 1593 717 1776 763; x_wconf 81' lang='lat' dir='ltr'>festum,</span> 
     </span>
     <span class='ocr_line' id='line_1_7' title="bbox 144 790 1778 842; baseline -0.003 -9"><span class='ocrx_word' id='word_1_48' title='bbox 144 795 247 833; x_wconf 87' lang='lat' dir='ltr'>licet</span> <span class='ocrx_word' id='word_1_49' title='bbox 278 795 371 833; x_wconf 92' lang='lat' dir='ltr'>loco</span> <span class='ocrx_word' id='word_1_50' title='bbox 405 794 579 833; x_wconf 88' lang='lat' dir='ltr'>laudato</span> <span class='ocrx_word' id='word_1_51' title='bbox 611 804 695 833; x_wconf 92' lang='lat' dir='ltr'>non</span> <span class='ocrx_word' id='word_1_52' title='bbox 730 798 1117 842; x_wconf 81' lang='lat' dir='ltr'>commemoretur,</span> <span class='ocrx_word' id='word_1_53' title='bbox 1146 793 1435 841; x_wconf 74' lang='lat' dir='ltr'>agricolarum</span> <span class='ocrx_word' id='word_1_54' title='bbox 1466 792 1601 830; x_wconf 85' lang='lat' dir='ltr'>fuisse</span> <span class='ocrx_word' id='word_1_55' title='bbox 1624 790 1778 840; x_wconf 76' lang='grc' dir='ltr'><em>ἑορτήν,</em></span> 
     </span>
     <span class='ocr_line' id='line_1_8' title="bbox 146 867 1775 918; baseline -0.002 -10"><span class='ocrx_word' id='word_1_56' title='bbox 146 869 256 909; x_wconf 85' lang='lat' dir='ltr'>effici</span> <span class='ocrx_word' id='word_1_57' title='bbox 305 872 452 918; x_wconf 87' lang='lat' dir='ltr'>potest</span> <span class='ocrx_word' id='word_1_58' title='bbox 490 880 511 908; x_wconf 91' lang='lat' dir='ltr'>e</span> <span class='ocrx_word' id='word_1_59' title='bbox 553 870 728 908; x_wconf 86' lang='lat' dir='ltr'>Deuter.</span> <span class='ocrx_word' id='word_1_60' title='bbox 779 870 926 917; x_wconf 85' lang='lat'>16:9;</span> <span class='ocrx_word' id='word_1_61' title='bbox 963 872 1067 908; x_wconf 89' lang='lat' dir='ltr'>tunc</span> <span class='ocrx_word' id='word_1_62' title='bbox 1099 870 1215 908; x_wconf 89' lang='lat' dir='ltr'>enim</span> <span class='ocrx_word' id='word_1_63' title='bbox 1251 869 1339 907; x_wconf 83' lang='lat' dir='ltr'>falx</span> <span class='ocrx_word' id='word_1_64' title='bbox 1374 868 1534 907; x_wconf 90' lang='lat' dir='ltr'>hordeo</span> <span class='ocrx_word' id='word_1_65' title='bbox 1568 867 1775 905; x_wconf 90' lang='lat' dir='ltr'>immitte-</span> 
     </span>
     <span class='ocr_line' id='line_1_9' title="bbox 145 943 1778 992; baseline -0.002 -9"><span class='ocrx_word' id='word_1_66' title='bbox 145 945 279 985; x_wconf 84' lang='lat' dir='ltr'>batur.</span> <span class='ocrx_word' id='word_1_67' title='bbox 314 946 441 984; x_wconf 89' lang='lat' dir='ltr'>Ritus</span> <span class='ocrx_word' id='word_1_68' title='bbox 474 947 623 984; x_wconf 89' lang='lat' dir='ltr'>autem</span> <span class='ocrx_word' id='word_1_69' title='bbox 656 946 787 983; x_wconf 88' lang='lat' dir='ltr'>huius</span> <span class='ocrx_word' id='word_1_70' title='bbox 819 946 902 984; x_wconf 90' lang='lat' dir='ltr'>diei</span> <span class='ocrx_word' id='word_1_71' title='bbox 934 945 1037 984; x_wconf 84' lang='lat' dir='ltr'>festi</span> <span class='ocrx_word' id='word_1_72' title='bbox 1068 956 1165 983; x_wconf 86' lang='lat' dir='ltr'>cum</span> <span class='ocrx_word' id='word_1_73' title='bbox 1200 945 1350 992; x_wconf 88' lang='lat' dir='ltr'>ferret,</span> <span class='ocrx_word' id='word_1_74' title='bbox 1385 946 1433 982; x_wconf 93' lang='lat' dir='ltr'>ut</span> <span class='ocrx_word' id='word_1_75' title='bbox 1465 943 1613 982; x_wconf 84' lang='lat' dir='ltr'>hordei</span> <span class='ocrx_word' id='word_1_76' title='bbox 1645 943 1778 990; x_wconf 87' lang='lat' dir='ltr'>spicis</span> 
     </span>
     <span class='ocr_line' id='line_1_10' title="bbox 144 1019 1777 1068; baseline -0.001 -10"><span class='ocrx_word' id='word_1_77' title='bbox 144 1021 306 1068; x_wconf 86' lang='lat' dir='ltr'>aliquot</span> <span class='ocrx_word' id='word_1_78' title='bbox 350 1021 533 1060; x_wconf 86' lang='lat' dir='ltr'>Summo</span> <span class='ocrx_word' id='word_1_79' title='bbox 574 1021 753 1060; x_wconf 88' lang='lat' dir='ltr'>Numini</span> <span class='ocrx_word' id='word_1_80' title='bbox 796 1021 954 1060; x_wconf 91' lang='lat' dir='ltr'>oblatis</span> <span class='ocrx_word' id='word_1_81' title='bbox 995 1021 1195 1059; x_wconf 88' lang='lat' dir='ltr'>homines</span> <span class='ocrx_word' id='word_1_82' title='bbox 1238 1030 1406 1067; x_wconf 86' lang='lat' dir='ltr'>quoque</span> <span class='ocrx_word' id='word_1_83' title='bbox 1449 1019 1581 1067; x_wconf 90' lang='lat' dir='ltr'>spicis</span> <span class='ocrx_word' id='word_1_84' title='bbox 1622 1019 1777 1056; x_wconf 90' lang='lat' dir='ltr'>leviter</span> 
     </span>
     <span class='ocr_line' id='line_1_11' title="bbox 142 1093 1779 1146; baseline -0.002 -11"><span class='ocrx_word' id='word_1_85' title='bbox 142 1097 271 1135; x_wconf 89' lang='lat' dir='ltr'>tostis</span> <span class='ocrx_word' id='word_1_86' title='bbox 315 1098 598 1135; x_wconf 85' lang='lat' dir='ltr'>vescerentur</span> <span class='ocrx_word' id='word_1_87' title='bbox 620 1093 662 1146; x_wconf 78' lang='lat'>2),</span> <span class='ocrx_word' id='word_1_88' title='bbox 707 1097 989 1135; x_wconf 85' lang='lat' dir='ltr'>volventibus</span> <span class='ocrx_word' id='word_1_89' title='bbox 1021 1096 1210 1135; x_wconf 89' lang='lat' dir='ltr'>saeculis</span> <span class='ocrx_word' id='word_1_90' title='bbox 1243 1099 1347 1134; x_wconf 84' lang='lat' dir='ltr'>nata</span> <span class='ocrx_word' id='word_1_91' title='bbox 1378 1097 1446 1134; x_wconf 89' lang='lat' dir='ltr'>est</span> <span class='ocrx_word' id='word_1_92' title='bbox 1476 1094 1637 1133; x_wconf 86' lang='lat' dir='ltr'>fabella</span> <span class='ocrx_word' id='word_1_93' title='bbox 1668 1104 1779 1142; x_wconf 87' lang='lat' dir='ltr'>quae</span> 
     </span>
     <span class='ocr_line' id='line_1_12' title="bbox 141 1168 1776 1220; baseline -0.002 -10"><span class='ocrx_word' id='word_1_94' title='bbox 141 1172 299 1220; x_wconf 85' lang='lat' dir='ltr'>legitur</span> <span class='ocrx_word' id='word_1_95' title='bbox 325 1172 460 1211; x_wconf 85' lang='lat' dir='ltr'>Exod.</span> <span class='ocrx_word' id='word_1_96' title='bbox 491 1173 544 1210; x_wconf 82' lang='lat'>23</span> <span class='ocrx_word' id='word_1_97' title='bbox 565 1202 573 1211; x_wconf 92' lang='lat'>.</span> <span class='ocrx_word' id='word_1_98' title='bbox 598 1173 669 1220; x_wconf 84' lang='lat'>15,</span> <span class='ocrx_word' id='word_1_99' title='bbox 700 1173 901 1211; x_wconf 85' lang='lat' dir='ltr'>homines</span> <span class='ocrx_word' id='word_1_100' title='bbox 930 1173 1042 1210; x_wconf 87' lang='lat' dir='ltr'>hanc</span> <span class='ocrx_word' id='word_1_101' title='bbox 1069 1172 1121 1210; x_wconf 93' lang='lat' dir='ltr'>ob</span> <span class='ocrx_word' id='word_1_102' title='bbox 1150 1182 1331 1210; x_wconf 83' lang='lat' dir='ltr'>oausam</span> <span class='ocrx_word' id='word_1_103' title='bbox 1360 1169 1492 1220; x_wconf 77' lang='grc' dir='ltr'><strong><em>ἄρτοις</em></strong></span> <span class='ocrx_word' id='word_1_104' title='bbox 1520 1168 1685 1218; x_wconf 77' lang='grc' dir='ltr'><em>ἀζύμοις</em></span> <span class='ocrx_word' id='word_1_105' title='bbox 1713 1171 1776 1208; x_wconf 85' lang='lat' dir='ltr'>uti</span> 
     </span>
     <span class='ocr_line' id='line_1_13' title="bbox 140 1229 1775 1296; baseline -0.001 -10"><span class='ocrx_word' id='word_1_106' title='bbox 140 1248 295 1296; x_wconf 83' lang='lat' dir='ltr'>solere,</span> <span class='ocrx_word' id='word_1_107' title='bbox 328 1249 441 1294; x_wconf 87' lang='lat' dir='ltr'>quod</span> <span class='ocrx_word' id='word_1_108' title='bbox 475 1258 573 1287; x_wconf 91' lang='lat' dir='ltr'>cum</span> <span class='ocrx_word' id='word_1_109' title='bbox 609 1249 857 1296; x_wconf 84' lang='lat' dir='ltr'>Aegyptum</span> <span class='ocrx_word' id='word_1_110' title='bbox 892 1229 1134 1295; x_wconf 85' lang='lat' dir='ltr'>effugerent</span> <span class='ocrx_word' id='word_1_111' title='bbox 1165 1249 1342 1296; x_wconf 90' lang='lat' dir='ltr'>tempus</span> <span class='ocrx_word' id='word_1_112' title='bbox 1374 1247 1455 1286; x_wconf 88' lang='lat' dir='ltr'>cibi</span> <span class='ocrx_word' id='word_1_113' title='bbox 1487 1247 1569 1285; x_wconf 88' lang='lat' dir='ltr'>rite</span> <span class='ocrx_word' id='word_1_114' title='bbox 1602 1256 1775 1294; x_wconf 87' lang='lat' dir='ltr'>praepa-</span> 
     </span>
     <span class='ocr_line' id='line_1_14' title="bbox 142 1321 1773 1372; baseline -0.001 -11"><span class='ocrx_word' id='word_1_115' title='bbox 142 1323 264 1361; x_wconf 87' lang='lat' dir='ltr'>randi</span> <span class='ocrx_word' id='word_1_116' title='bbox 290 1323 343 1360; x_wconf 66' lang='lat' dir='ltr'>iis</span> <span class='ocrx_word' id='word_1_117' title='bbox 372 1324 596 1362; x_wconf 80' lang='lat' dir='ltr'>defuisset.</span> <span class='ocrx_word' id='word_1_118' title='bbox 629 1324 719 1362; x_wconf 90' lang='lat' dir='ltr'>Mos</span> <span class='ocrx_word' id='word_1_119' title='bbox 736 1325 869 1372; x_wconf 85' lang='lat' dir='ltr'>igitur</span> <span class='ocrx_word' id='word_1_120' title='bbox 886 1324 1093 1371; x_wconf 87' lang='lat' dir='ltr'>antiquus</span> <span class='ocrx_word' id='word_1_121' title='bbox 1112 1333 1212 1362; x_wconf 85' lang='lat' dir='ltr'>cum</span> <span class='ocrx_word' id='word_1_122' title='bbox 1232 1333 1256 1362; x_wconf 89' lang='lat' dir='ltr'>a</span> <span class='ocrx_word' id='word_1_123' title='bbox 1273 1323 1463 1372; x_wconf 87' lang='lat' dir='ltr'>posteris</span> <span class='ocrx_word' id='word_1_124' title='bbox 1481 1333 1565 1361; x_wconf 89' lang='lat' dir='ltr'>non</span> <span class='ocrx_word' id='word_1_125' title='bbox 1584 1321 1773 1370; x_wconf 90' lang='lat' dir='ltr'>amplius</span> 
     </span>
     <span class='ocr_line' id='line_1_15' title="bbox 142 1398 1662 1448; baseline 0 -11"><span class='ocrx_word' id='word_1_126' title='bbox 142 1398 488 1446; x_wconf 80' lang='lat' dir='ltr'>intellegebatur,</span> <span class='ocrx_word' id='word_1_127' title='bbox 523 1409 636 1438; x_wconf 89' lang='lat' dir='ltr'>nova</span> <span class='ocrx_word' id='word_1_128' title='bbox 667 1400 868 1446; x_wconf 87' lang='lat' dir='ltr'>quaesita</span> <span class='ocrx_word' id='word_1_129' title='bbox 900 1402 967 1438; x_wconf 90' lang='lat' dir='ltr'>est</span> <span class='ocrx_word' id='word_1_130' title='bbox 999 1399 1110 1438; x_wconf 86' lang='lat' dir='ltr'>ratio</span> <span class='ocrx_word' id='word_1_131' title='bbox 1144 1409 1228 1446; x_wconf 88' lang='lat' dir='ltr'>qua</span> <span class='ocrx_word' id='word_1_132' title='bbox 1261 1399 1470 1448; x_wconf 82' lang='lat' dir='ltr'>explicari</span> <span class='ocrx_word' id='word_1_133' title='bbox 1502 1400 1662 1447; x_wconf 90' lang='lat' dir='ltr'>posset.</span> 
     </span>
    </p>

    <p class='ocr_par' dir='ltr' id='par_1_3' title="bbox 134 1473 1776 2124">
     <span class='ocr_line' id='line_1_16' title="bbox 200 1473 1774 1524; baseline 0.001 -13"><span class='ocrx_word' id='word_1_134' title='bbox 200 1473 320 1514; x_wconf 90' lang='lat' dir='ltr'>Idem</span> <span class='ocrx_word' id='word_1_135' title='bbox 370 1477 515 1513; x_wconf 78' lang='lat' dir='ltr'>autem</span> <span class='ocrx_word' id='word_1_136' title='bbox 567 1476 617 1513; x_wconf 87' lang='lat' dir='ltr'>de</span> <span class='ocrx_word' id='word_1_137' title='bbox 659 1476 789 1514; x_wconf 89' lang='lat' dir='ltr'>tertio</span> <span class='ocrx_word' id='word_1_138' title='bbox 832 1476 945 1514; x_wconf 84' lang='lat' dir='ltr'>festo</span> <span class='ocrx_word' id='word_1_139' title='bbox 986 1476 1071 1524; x_wconf 82' lang='lat' dir='ltr'>die,</span> <span class='ocrx_word' id='word_1_140' title='bbox 1113 1475 1267 1524; x_wconf 89' lang='lat' dir='ltr'>Asiph‚</span> <span class='ocrx_word' id='word_1_141' title='bbox 1315 1485 1395 1514; x_wconf 89' lang='lat' dir='ltr'>usu</span> <span class='ocrx_word' id='word_1_142' title='bbox 1438 1475 1611 1514; x_wconf 89' lang='lat' dir='ltr'>venisse</span> <span class='ocrx_word' id='word_1_143' title='bbox 1652 1475 1774 1513; x_wconf 82' lang='lat' dir='ltr'>docet</span> 
     </span>
     <span class='ocr_line' id='line_1_17' title="bbox 141 1550 1774 1599; baseline 0.001 -11"><span class='ocrx_word' id='word_1_144' title='bbox 141 1550 279 1588; x_wconf 87' lang='lat' dir='ltr'>Levit.</span> <span class='ocrx_word' id='word_1_145' title='bbox 314 1551 367 1588; x_wconf 83' lang='lat'>23</span> <span class='ocrx_word' id='word_1_146' title='bbox 389 1564 395 1589; x_wconf 79' lang='lat'>2</span> <span class='ocrx_word' id='word_1_147' title='bbox 417 1552 486 1589; x_wconf 85' lang='lat'>43.</span> <span class='ocrx_word' id='word_1_148' title='bbox 521 1551 603 1589; x_wconf 90' lang='lat' dir='ltr'>Ubi</span> <span class='ocrx_word' id='word_1_149' title='bbox 637 1552 747 1589; x_wconf 92' lang='lat' dir='ltr'>mori</span> <span class='ocrx_word' id='word_1_150' title='bbox 780 1551 1069 1599; x_wconf 82' lang='lat' dir='ltr'>agricolarum</span> <span class='ocrx_word' id='word_1_151' title='bbox 1099 1552 1344 1590; x_wconf 88' lang='lat' dir='ltr'>vindemiae</span> <span class='ocrx_word' id='word_1_152' title='bbox 1371 1554 1570 1599; x_wconf 88' lang='lat' dir='ltr'>tempore</span> <span class='ocrx_word' id='word_1_153' title='bbox 1597 1551 1774 1589; x_wconf 87' lang='lat' dir='ltr'>umbras</span> 
     </span>
     <span class='ocr_line' id='line_1_18' title="bbox 141 1626 1774 1675; baseline 0 -11"><span class='ocrx_word' id='word_1_154' title='bbox 141 1626 308 1674; x_wconf 84' lang='lat' dir='ltr'>campis</span> <span class='ocrx_word' id='word_1_155' title='bbox 334 1626 377 1663; x_wconf 90' lang='lat' dir='ltr'>in</span> <span class='ocrx_word' id='word_1_156' title='bbox 411 1627 577 1674; x_wconf 86' lang='lat' dir='ltr'>apertis</span> <span class='ocrx_word' id='word_1_157' title='bbox 608 1627 813 1675; x_wconf 87' lang='lat' dir='ltr'>ponendi.</span> <span class='ocrx_word' id='word_1_158' title='bbox 849 1627 960 1664; x_wconf 86' lang='lat' dir='ltr'>ratio</span> <span class='ocrx_word' id='word_1_159' title='bbox 994 1627 1207 1665; x_wconf 81' lang='lat' dir='ltr'>subicitur</span> <span class='ocrx_word' id='word_1_160' title='bbox 1234 1628 1358 1666; x_wconf 84' lang='lat' dir='ltr'>haec:</span> <span class='ocrx_word' id='word_1_161' title='bbox 1390 1627 1580 1667; x_wconf 88' lang='lat' dir='ltr'>maiores</span> <span class='ocrx_word' id='word_1_162' title='bbox 1607 1627 1774 1675; x_wconf 86' lang='lat' dir='ltr'>Aegyp-</span> 
     </span>
     <span class='ocr_line' id='line_1_19' title="bbox 138 1702 1774 1751; baseline 0.001 -12"><span class='ocrx_word' id='word_1_163' title='bbox 138 1703 233 1739; x_wconf 90' lang='lat' dir='ltr'>tum</span> <span class='ocrx_word' id='word_1_164' title='bbox 261 1702 524 1750; x_wconf 87' lang='lat' dir='ltr'>effugientes</span> <span class='ocrx_word' id='word_1_165' title='bbox 556 1713 655 1741; x_wconf 90' lang='lat' dir='ltr'>cum</span> <span class='ocrx_word' id='word_1_166' title='bbox 687 1713 762 1751; x_wconf 90' lang='lat' dir='ltr'>per</span> <span class='ocrx_word' id='word_1_167' title='bbox 794 1703 967 1741; x_wconf 84' lang='lat' dir='ltr'>deserta</span> <span class='ocrx_word' id='word_1_168' title='bbox 999 1706 1259 1750; x_wconf 87' lang='lat' dir='ltr'>quaererent</span> <span class='ocrx_word' id='word_1_169' title='bbox 1288 1703 1422 1750; x_wconf 88' lang='lat' dir='ltr'>viam,</span> <span class='ocrx_word' id='word_1_170' title='bbox 1451 1702 1625 1741; x_wconf 91' lang='lat' dir='ltr'>Domini</span> <span class='ocrx_word' id='word_1_171' title='bbox 1652 1704 1774 1740; x_wconf 90' lang='lat' dir='ltr'>iussu</span> 
     </span>
     <span class='ocr_line' id='line_1_20' title="bbox 134 1777 1775 1817; baseline 0 -2"><span class='ocrx_word' id='word_1_172' title='bbox 134 1778 295 1816; x_wconf 89' lang='lat' dir='ltr'>talibus</span> <span class='ocrx_word' id='word_1_173' title='bbox 327 1778 624 1817; x_wconf 86' lang='lat' dir='ltr'>tabernaculis</span> <span class='ocrx_word' id='word_1_174' title='bbox 651 1788 746 1817; x_wconf 89' lang='lat' dir='ltr'>esse</span> <span class='ocrx_word' id='word_1_175' title='bbox 775 1789 893 1817; x_wconf 91' lang='lat' dir='ltr'>usos.</span> <span class='ocrx_word' id='word_1_176' title='bbox 921 1779 1085 1817; x_wconf 87' lang='lat' dir='ltr'>Ramos</span> <span class='ocrx_word' id='word_1_177' title='bbox 1112 1780 1261 1816; x_wconf 88' lang='lat' dir='ltr'>autem</span> <span class='ocrx_word' id='word_1_178' title='bbox 1287 1779 1614 1817; x_wconf 82' lang='lat' dir='ltr'>frondescentes</span> <span class='ocrx_word' id='word_1_179' title='bbox 1631 1777 1775 1815; x_wconf 90' lang='lat' dir='ltr'>ubivis</span> 
     </span>
     <span class='ocr_line' id='line_1_21' title="bbox 135 1847 1773 1901; baseline 0 -10"><span class='ocrx_word' id='word_1_180' title='bbox 135 1847 282 1901; x_wconf 86' lang='lat' dir='ltr'>potius</span> <span class='ocrx_word' id='word_1_181' title='bbox 339 1863 471 1901; x_wconf 86' lang='lat' dir='ltr'>quam</span> <span class='ocrx_word' id='word_1_182' title='bbox 519 1854 563 1892; x_wconf 90' lang='lat' dir='ltr'>in</span> <span class='ocrx_word' id='word_1_183' title='bbox 611 1854 798 1893; x_wconf 87' lang='lat' dir='ltr'>desertis</span> <span class='ocrx_word' id='word_1_184' title='bbox 845 1853 1081 1901; x_wconf 87' lang='lat' dir='ltr'>abundare,</span> <span class='ocrx_word' id='word_1_185' title='bbox 1132 1854 1174 1892; x_wconf 90' lang='lat' dir='ltr'>id</span> <span class='ocrx_word' id='word_1_186' title='bbox 1221 1854 1370 1892; x_wconf 91' lang='lat' dir='ltr'>minus</span> <span class='ocrx_word' id='word_1_187' title='bbox 1418 1854 1628 1892; x_wconf 86' lang='lat' dir='ltr'>curabant</span> <span class='ocrx_word' id='word_1_188' title='bbox 1675 1853 1773 1891; x_wconf 88' lang='lat' dir='ltr'>boni</span> 
     </span>
     <span class='ocr_line' id='line_1_22' title="bbox 134 1929 1776 1978; baseline 0 -11"><span class='ocrx_word' id='word_1_189' title='bbox 134 1929 413 1977; x_wconf 89' lang='lat' dir='ltr'>interpretes.</span> <span class='ocrx_word' id='word_1_190' title='bbox 457 1929 576 1978; x_wconf 80' lang='lat' dir='ltr'>Quod</span> <span class='ocrx_word' id='word_1_191' title='bbox 619 1930 671 1968; x_wconf 90' lang='lat' dir='ltr'>ad</span> <span class='ocrx_word' id='word_1_192' title='bbox 705 1929 960 1968; x_wconf 86' lang='lat' dir='ltr'>umbrarum</span> <span class='ocrx_word' id='word_1_193' title='bbox 994 1930 1291 1978; x_wconf 88' lang='lat' dir='ltr'>ponendarum</span> <span class='ocrx_word' id='word_1_194' title='bbox 1326 1939 1515 1978; x_wconf 80' lang='lat' dir='ltr'>morem,</span> <span class='ocrx_word' id='word_1_195' title='bbox 1551 1929 1776 1968; x_wconf 86' lang='lat' dir='ltr'>recordare</span> 
     </span>
     <span class='ocr_line' id='line_1_23' title="bbox 137 1985 1774 2053; baseline -0.001 -11"><span class='ocrx_word' id='word_1_196' title='bbox 137 2005 199 2042; x_wconf 90' lang='lat' dir='ltr'>sis</span> <span class='ocrx_word' id='word_1_197' title='bbox 225 1985 439 2052; x_wconf 74' lang='lat' dir='ltr'>¹imaginis</span> <span class='ocrx_word' id='word_1_198' title='bbox 473 2006 686 2043; x_wconf 89' lang='lat' dir='ltr'>venustae</span> <span class='ocrx_word' id='word_1_199' title='bbox 724 2005 836 2052; x_wconf 91' lang='lat' dir='ltr'>apud</span> <span class='ocrx_word' id='word_1_200' title='bbox 871 2005 997 2043; x_wconf 86' lang='lat' dir='ltr'>Iesai.</span> <span class='ocrx_word' id='word_1_201' title='bbox 1032 2005 1152 2043; x_wconf 77' lang='lat'>1:82</span> <span class='ocrx_word' id='word_1_202' title='bbox 1191 2005 1362 2053; x_wconf 86' lang='lat' dir='ltr'>„Sionis</span> <span class='ocrx_word' id='word_1_203' title='bbox 1396 2004 1485 2042; x_wconf 91' lang='lat' dir='ltr'>filia</span> <span class='ocrx_word' id='word_1_204' title='bbox 1518 2004 1638 2042; x_wconf 90' lang='lat' dir='ltr'>velut</span> <span class='ocrx_word' id='word_1_205' title='bbox 1669 2005 1774 2042; x_wconf 84' lang='lat' dir='ltr'>casi-</span> 
     </span>
     <span class='ocr_line' id='line_1_24' title="bbox 138 2075 788 2124; baseline 0 -6"><span class='ocrx_word' id='word_1_206' title='bbox 138 2079 236 2118; x_wconf 83' lang='lat' dir='ltr'>cula</span> <span class='ocrx_word' id='word_1_207' title='bbox 268 2080 311 2118; x_wconf 91' lang='lat' dir='ltr'>in</span> <span class='ocrx_word' id='word_1_208' title='bbox 346 2080 508 2118; x_wconf 90' lang='lat' dir='ltr'>vinetis</span> <span class='ocrx_word' id='word_1_209' title='bbox 541 2080 725 2118; x_wconf 86' lang='lat' dir='ltr'>relicta’&#39;</span> <span class='ocrx_word' id='word_1_210' title='bbox 748 2075 788 2124; x_wconf 75' lang='lat'>³).</span> 
     </span>
    </p>

    <p class='ocr_par' dir='ltr' id='par_1_4' title="bbox 137 2155 1777 2355">
     <span class='ocr_line' id='line_1_25' title="bbox 200 2155 1777 2204; baseline 0 -10"><span class='ocrx_word' id='word_1_211' title='bbox 200 2155 281 2194; x_wconf 87' lang='lat' dir='ltr'>Sed</span> <span class='ocrx_word' id='word_1_212' title='bbox 329 2155 380 2194; x_wconf 88' lang='lat' dir='ltr'>de</span> <span class='ocrx_word' id='word_1_213' title='bbox 427 2155 557 2194; x_wconf 89' lang='lat' dir='ltr'>rebus</span> <span class='ocrx_word' id='word_1_214' title='bbox 604 2156 821 2194; x_wconf 89' lang='lat' dir='ltr'>hebraicis</span> <span class='ocrx_word' id='word_1_215' title='bbox 869 2157 1105 2203; x_wconf 88' lang='lat' dir='ltr'>hactenus;</span> <span class='ocrx_word' id='word_1_216' title='bbox 1155 2157 1227 2203; x_wconf 90' lang='lat' dir='ltr'>qui</span> <span class='ocrx_word' id='word_1_217' title='bbox 1274 2156 1399 2204; x_wconf 90' lang='lat' dir='ltr'>plura</span> <span class='ocrx_word' id='word_1_218' title='bbox 1441 2156 1579 2194; x_wconf 86' lang='lat' dir='ltr'>velint</span> <span class='ocrx_word' id='word_1_219' title='bbox 1620 2157 1777 2194; x_wconf 85' lang='lat' dir='ltr'>adeant</span> 
     </span>
     <span class='ocr_line' id='line_1_26' title="bbox 137 2231 1776 2280; baseline 0.001 -12"><span class='ocrx_word' id='word_1_220' title='bbox 137 2232 361 2269; x_wconf 87' lang='lat' dir='ltr'>auctorem</span> <span class='ocrx_word' id='word_1_221' title='bbox 399 2241 546 2270; x_wconf 89' lang='lat' dir='ltr'>meum</span> <span class='ocrx_word' id='word_1_222' title='bbox 581 2231 864 2270; x_wconf 85' lang='lat' dir='ltr'>Wellhausen</span> <span class='ocrx_word' id='word_1_223' title='bbox 898 2233 939 2270; x_wconf 83' lang='lat' dir='ltr'>in</span> <span class='ocrx_word' id='word_1_224' title='bbox 974 2232 1081 2271; x_wconf 90' lang='lat' dir='ltr'>libro</span> <span class='ocrx_word' id='word_1_225' title='bbox 1115 2231 1311 2271; x_wconf 83' lang='lat' dir='ltr'>classicis</span> <span class='ocrx_word' id='word_1_226' title='bbox 1344 2241 1512 2278; x_wconf 84' lang='lat' dir='ltr'>quoque</span> <span class='ocrx_word' id='word_1_227' title='bbox 1543 2232 1776 2280; x_wconf 89' lang='lat' dir='ltr'>philologis</span> 
     </span>
     <span class='ocr_line' id='line_1_27' title="bbox 137 2306 1268 2355; baseline 0.003 -12"><span class='ocrx_word' id='word_1_228' title='bbox 137 2306 391 2354; x_wconf 84' lang='lat' dir='ltr'>utilissimo,</span> <span class='ocrx_word' id='word_1_229' title='bbox 427 2306 742 2355; x_wconf 88' lang='lat' dir='ltr'>Prolegomena</span> <span class='ocrx_word' id='word_1_230' title='bbox 774 2318 850 2345; x_wconf 87' lang='lat' dir='ltr'>zur</span> <span class='ocrx_word' id='word_1_231' title='bbox 882 2309 960 2346; x_wconf 89' lang='lat' dir='ltr'>Isr.</span> <span class='ocrx_word' id='word_1_232' title='bbox 995 2308 1268 2347; x_wconf 81' lang='lat' dir='ltr'>Gescbichte.</span> 
     </span>
    </p>

    <p class='ocr_par' dir='ltr' id='par_1_5' title="bbox 136 2381 1775 2660">
     <span class='ocr_line' id='line_1_28' title="bbox 198 2381 1775 2433; baseline 0.003 -15"><span class='ocrx_word' id='word_1_233' title='bbox 198 2381 370 2427; x_wconf 72' lang='grc' dir='ltr'><strong><em>Σκιάὸες</em></strong></span> <span class='ocrx_word' id='word_1_234' title='bbox 411 2383 686 2429; x_wconf 86' lang='lat' dir='ltr'>antiquorum</span> <span class='ocrx_word' id='word_1_235' title='bbox 729 2383 993 2422; x_wconf 85' lang='lat' dir='ltr'>Graecorum</span> <span class='ocrx_word' id='word_1_236' title='bbox 1028 2385 1068 2422; x_wconf 90' lang='lat' dir='ltr'>in</span> <span class='ocrx_word' id='word_1_237' title='bbox 1104 2384 1281 2423; x_wconf 89' lang='lat' dir='ltr'>Carneis</span> <span class='ocrx_word' id='word_1_238' title='bbox 1314 2385 1482 2433; x_wconf 86' lang='lat' dir='ltr'>positae</span> <span class='ocrx_word' id='word_1_239' title='bbox 1515 2385 1697 2423; x_wconf 88' lang='lat' dir='ltr'>eandem</span> <span class='ocrx_word' id='word_1_240' title='bbox 1731 2386 1775 2423; x_wconf 89' lang='lat' dir='ltr'>ni</span> 
     </span>
     <span class='ocr_line' id='line_1_29' title="bbox 136 2457 1775 2506; baseline 0.002 -11"><span class='ocrx_word' id='word_1_241' title='bbox 136 2457 262 2495; x_wconf 86' lang='lat' dir='ltr'>fallor</span> <span class='ocrx_word' id='word_1_242' title='bbox 290 2457 452 2496; x_wconf 87' lang='lat' dir='ltr'>habent</span> <span class='ocrx_word' id='word_1_243' title='bbox 478 2458 690 2506; x_wconf 88' lang='lat' dir='ltr'>originem</span> <span class='ocrx_word' id='word_1_244' title='bbox 720 2460 848 2506; x_wconf 87' lang='lat' dir='ltr'>atque</span> <span class='ocrx_word' id='word_1_245' title='bbox 877 2459 1175 2498; x_wconf 76' lang='lat' dir='ltr'>israelitarum</span> <span class='ocrx_word' id='word_1_246' title='bbox 1195 2460 1270 2498; x_wconf 90' lang='lat' dir='ltr'>illa</span> <span class='ocrx_word' id='word_1_247' title='bbox 1288 2460 1570 2498; x_wconf 87' lang='lat' dir='ltr'>tabernacula</span> <span class='ocrx_word' id='word_1_248' title='bbox 1586 2460 1775 2499; x_wconf 87' lang='lat' dir='ltr'>frondea.</span> 
     </span>
     <span class='ocr_line' id='line_1_30' title="bbox 137 2530 1775 2584; baseline 0.001 -13"><span class='ocrx_word' id='word_1_249' title='bbox 137 2533 419 2572; x_wconf 82' lang='lat' dir='ltr'>Meminimus</span> <span class='ocrx_word' id='word_1_250' title='bbox 445 2533 656 2572; x_wconf 74' lang='lat' dir='ltr'>Demetrii</span> <span class='ocrx_word' id='word_1_251' title='bbox 686 2534 940 2573; x_wconf 86' lang='lat' dir='ltr'>Verborum:</span> <span class='ocrx_word' id='word_1_252' title='bbox 973 2535 1158 2584; x_wconf 65' lang='lat' dir='ltr'>„outddsg</span> <span class='ocrx_word' id='word_1_253' title='bbox 1186 2532 1227 2572; x_wconf 79' lang='grc' dir='ltr'>ὸὲ</span> <span class='ocrx_word' id='word_1_254' title='bbox 1246 2530 1356 2572; x_wconf 79' lang='grc' dir='ltr'><em>οὗτοι</em></span> <span class='ocrx_word' id='word_1_255' title='bbox 1374 2534 1414 2572; x_wconf 84' lang='grc' dir='ltr'>οἵ</span> <span class='ocrx_word' id='word_1_256' title='bbox 1428 2535 1541 2572; x_wconf 80' lang='grc' dir='ltr'><em>τόποι</em></span> <span class='ocrx_word' id='word_1_257' title='bbox 1558 2538 1775 2573; x_wconf 76' lang='grc' dir='ltr'><em>καλοῦνται</em></span> 
     </span>
     <span class='ocr_line' id='line_1_31' title="bbox 138 2606 1775 2660; baseline 0.002 -15"><span class='ocrx_word' id='word_1_258' title='bbox 138 2611 303 2658; x_wconf 81' lang='grc' dir='ltr'><em>σκηναῖς</em></span> <span class='ocrx_word' id='word_1_259' title='bbox 361 2607 512 2659; x_wconf 76' lang='grc' dir='ltr'><em>ἔχοντες</em></span> <span class='ocrx_word' id='word_1_260' title='bbox 567 2609 850 2659; x_wconf 73' lang='grc' dir='ltr'><strong><em>παραπλήσιόν</em></strong></span> <span class='ocrx_word' id='word_1_261' title='bbox 902 2625 956 2658; x_wconf 77' lang='grc' dir='ltr'>τι,</span> <span class='ocrx_word' id='word_1_262' title='bbox 1001 2608 1067 2647; x_wconf 78' lang='grc' dir='ltr'>καὶ</span> <span class='ocrx_word' id='word_1_263' title='bbox 1115 2608 1230 2648; x_wconf 82' lang='grc' dir='ltr'><strong><em>ἐννέα</em></strong></span> <span class='ocrx_word' id='word_1_264' title='bbox 1278 2606 1370 2647; x_wconf 76' lang='grc' dir='ltr'>καθ’</span> <span class='ocrx_word' id='word_1_265' title='bbox 1421 2608 1586 2648; x_wconf 73' lang='grc' dir='ltr'><em>ἕκαστον</em></span> <span class='ocrx_word' id='word_1_266' title='bbox 1632 2608 1775 2660; x_wconf 73' lang='grc' dir='ltr'><em>ἄνδρες</em></span> 
     </span>
    </p>
   </div>
   <div class='ocr_carea' id='block_1_3' title="bbox 134 2761 1774 3045">
    <p class='ocr_par' dir='ltr' id='par_1_6' title="bbox 187 2761 499 2802">
     <span class='ocr_line' id='line_1_32' title="bbox 187 2761 499 2802; baseline 0.003 -9"><span class='ocrx_word' id='word_1_267' title='bbox 187 2761 212 2802; x_wconf 93' lang='lat' dir='ltr'>l)</span> <span class='ocrx_word' id='word_1_268' title='bbox 236 2764 342 2794; x_wconf 90' lang='lat' dir='ltr'>Exod.</span> <span class='ocrx_word' id='word_1_269' title='bbox 368 2766 430 2794; x_wconf 84' lang='lat'>34:</span> <span class='ocrx_word' id='word_1_270' title='bbox 447 2766 499 2795; x_wconf 88' lang='grc'>22.</span> 
     </span>
    </p>

    <p class='ocr_par' dir='ltr' id='par_1_7' title="bbox 181 2821 534 2861">
     <span class='ocr_line' id='line_1_33' title="bbox 181 2821 534 2861; baseline 0.003 -7"><span class='ocrx_word' id='word_1_271' title='bbox 181 2821 208 2861; x_wconf 73' lang='lat'>²)</span> <span class='ocrx_word' id='word_1_272' title='bbox 231 2823 377 2854; x_wconf 81' lang='lat' dir='ltr'>Levitic.</span> <span class='ocrx_word' id='word_1_273' title='bbox 404 2826 465 2855; x_wconf 89' lang='lat'>23:</span> <span class='ocrx_word' id='word_1_274' title='bbox 483 2827 534 2855; x_wconf 79' lang='lat'>14.</span> 
     </span>
    </p>

    <p class='ocr_par' dir='ltr' id='par_1_8' title="bbox 134 2881 1774 3045">
     <span class='ocr_line' id='line_1_34' title="bbox 179 2881 1774 2925; baseline 0.002 -12"><span class='ocrx_word' id='word_1_275' title='bbox 179 2881 206 2920; x_wconf 83' lang='lat'>³)</span> <span class='ocrx_word' id='word_1_276' title='bbox 232 2883 316 2919; x_wconf 84' lang='lat' dir='ltr'>„Die</span> <span class='ocrx_word' id='word_1_277' title='bbox 340 2885 483 2914; x_wconf 87' lang='lat' dir='ltr'>Lauben</span> <span class='ocrx_word' id='word_1_278' title='bbox 510 2887 564 2915; x_wconf 91' lang='lat' dir='ltr'>ein</span> <span class='ocrx_word' id='word_1_279' title='bbox 589 2886 747 2916; x_wconf 74' lang='lat' dir='ltr'>Zubelioi·</span> <span class='ocrx_word' id='word_1_280' title='bbox 769 2887 829 2915; x_wconf 76' lang='lat' dir='ltr'>des</span> <span class='ocrx_word' id='word_1_281' title='bbox 850 2886 941 2915; x_wconf 83' lang='lat' dir='ltr'>alten</span> <span class='ocrx_word' id='word_1_282' title='bbox 966 2886 1183 2916; x_wconf 80' lang='lat' dir='ltr'>Naturfestes</span> <span class='ocrx_word' id='word_1_283' title='bbox 1206 2887 1270 2916; x_wconf 90' lang='lat' dir='ltr'>den</span> <span class='ocrx_word' id='word_1_284' title='bbox 1284 2887 1505 2916; x_wconf 73' lang='lat' dir='ltr'>Laubhfitten</span> <span class='ocrx_word' id='word_1_285' title='bbox 1523 2889 1774 2925; x_wconf 76' lang='lat' dir='ltr'>entsprechend</span> 
     </span>
     <span class='ocr_line' id='line_1_35' title="bbox 134 2944 1772 2984; baseline 0.002 -12"><span class='ocrx_word' id='word_1_286' title='bbox 134 2944 262 2973; x_wconf 86' lang='lat' dir='ltr'>welche</span> <span class='ocrx_word' id='word_1_287' title='bbox 286 2945 342 2974; x_wconf 86' lang='lat' dir='ltr'>bei</span> <span class='ocrx_word' id='word_1_288' title='bbox 367 2954 431 2975; x_wconf 79' lang='lat' dir='ltr'>uns</span> <span class='ocrx_word' id='word_1_289' title='bbox 454 2948 516 2976; x_wconf 85' lang='lat' dir='ltr'>auf</span> <span class='ocrx_word' id='word_1_290' title='bbox 534 2945 674 2984; x_wconf 83' lang='lat' dir='ltr'>Maitag‚</span> <span class='ocrx_word' id='word_1_291' title='bbox 695 2948 884 2983; x_wconf 59' lang='lat' dir='ltr'>Pfiugsten,</span> <span class='ocrx_word' id='word_1_292' title='bbox 905 2947 1017 2976; x_wconf 86' lang='lat' dir='ltr'>neben</span> <span class='ocrx_word' id='word_1_293' title='bbox 1037 2947 1115 2976; x_wconf 89' lang='lat' dir='ltr'>dem</span> <span class='ocrx_word' id='word_1_294' title='bbox 1135 2945 1311 2976; x_wconf 86' lang='lat' dir='ltr'>Maibaum</span> <span class='ocrx_word' id='word_1_295' title='bbox 1333 2946 1772 2984; x_wconf 66' lang='lat' dir='ltr'>e1·riohtetwnrde.Spater</span> 
     </span>
     <span class='ocr_line' id='line_1_36' title="bbox 134 3004 1712 3045; baseline 0.002 -12"><span class='ocrx_word' id='word_1_296' title='bbox 134 3004 241 3042; x_wconf 84' lang='lat' dir='ltr'>folgte</span> <span class='ocrx_word' id='word_1_297' title='bbox 266 3005 320 3035; x_wconf 90' lang='lat' dir='ltr'>die</span> <span class='ocrx_word' id='word_1_298' title='bbox 346 3007 570 3045; x_wconf 84' lang='lat' dir='ltr'>Umdeutung</span> <span class='ocrx_word' id='word_1_299' title='bbox 594 3009 628 3036; x_wconf 86' lang='lat' dir='ltr'>in</span> <span class='ocrx_word' id='word_1_300' title='bbox 652 3007 890 3045; x_wconf 82' lang='lat' dir='ltr'>Lagerzelte.”</span> <span class='ocrx_word' id='word_1_301' title='bbox 914 3007 1122 3036; x_wconf 85' lang='lat' dir='ltr'>Mannhardt</span> <span class='ocrx_word' id='word_1_302' title='bbox 1146 3007 1256 3037; x_wconf 84' lang='lat' dir='ltr'>Wald-</span> <span class='ocrx_word' id='word_1_303' title='bbox 1283 3007 1353 3036; x_wconf 88' lang='lat' dir='ltr'>und</span> <span class='ocrx_word' id='word_1_304' title='bbox 1377 3007 1493 3036; x_wconf 85' lang='lat' dir='ltr'>Feldk.</span> <span class='ocrx_word' id='word_1_305' title='bbox 1520 3006 1553 3036; x_wconf 94' lang='grc' dir='ltr'>ΙΙ</span> <span class='ocrx_word' id='word_1_306' title='bbox 1578 3017 1610 3045; x_wconf 90' lang='lat' dir='ltr'>p.</span> <span class='ocrx_word' id='word_1_307' title='bbox 1638 3009 1712 3037; x_wconf 83' lang='lat'>254.</span> 
     </span>
    </p>
   </div>
  </div>
 </body>
</html>
