2141 3487
793 321 844 347 DE
877 319 1020 346 ΑΙΑΟΕ.
1644 307 1715 343 101

86 439 230 486 agitur
271 439 322 476 de
366 437 593 476 nominum
638 434 826 482 quodam
869 442 985 471 nexu
1030 432 1154 469 docte
1199 441 1223 468 a
1256 430 1527 477 mythologis
1559 430 1719 479 efficto,

85 514 162 552 sed
209 513 260 551 de
307 523 352 551 re
395 512 548 550 sancta
590 509 662 548 ubi
705 508 884 547 nomina
925 506 1088 545 summi
1131 506 1258 553 pretii
1292 504 1442 543 haberi
1475 505 1634 553 solent,
1671 506 1722 544 de

88 589 339 636 Magnorum
368 587 554 625 Deorum
583 585 701 624 cultu
729 586 773 623 et
798 583 1019 631 religione.
1049 582 1236 620 Nomina
1263 580 1451 618 Dardani
1479 581 1522 618 et
1538 580 1723 619 Iasionis

84 663 217 702 simul
245 663 289 700 in
316 661 569 701 cabirorum
599 660 719 699 cultu
737 659 1034 706 nominantur,
1055 656 1187 695 simul
1203 656 1338 704 igitur
1355 655 1588 693 tractanda
1606 657 1722 694 sunt.

87 737 254 776 Nomen
302 737 487 775 Iasionis
536 739 603 780 (ῖα)
652 734 820 773 secerni
868 743 954 771 non
1001 733 1146 780 potest
1190 732 1243 769 ab
1282 729 1418 768 Ἴασον
1452 727 1593 781 ’Ἀργος
1636 733 1725 777 (ῑα),

83 812 348 861 appellativo
387 811 497 850 satis
530 812 633 849 noto
667 820 721 848 ex
755 820 775 845 σ
809 809 912 856 244,
948 807 1020 845 ubi
1038 807 1342 854 Eurymachus
1370 806 1631 854 Penelopam
1660 806 1723 844 sic

87 878 348 936 alloquitur:

378 963 504 1012 κούρη
542 960 742 1011 Εἰκαρίοιο
776 958 976 1009 περίφρον
1012 957 1289 1008 Πηνελόπεια,

379 1038 412 1076 εἰ
443 1037 588 1082 πάντες
623 1047 665 1074 σε
696 1034 852 1073 ,Ρίδοιεν
886 1030 944 1071 ἀν’
973 1032 1109 1072 Ἴασον
1132 1031 1274 1084 ’Ἄργος
1308 1031 1471 1083 Ἀχαιοὶ,

379 1117 598 1162 μνηστῆρες
630 1108 793 1156 πλέονές
827 1123 895 1148 κεν
929 1107 970 1147 ἐν
1004 1107 1227 1159 ὑμετέροισι
1260 1107 1417 1157 δόμοισι

382 1186 517 1237 ἠῶθεν
550 1181 765 1234 damulae,
798 1183 881 1222 ἐπεὶ
914 1184 1090 1234 περίεσσι
1123 1189 1331 1234 γυναικῶν
1364 1185 1447 1222 etc.

137 1262 271 1301 Ἴασον
307 1248 447 1314 ’Ἄργος
491 1263 592 1310 quid
638 1262 783 1310 potest
825 1270 924 1299 esse
957 1260 1043 1298 nisi
1076 1259 1435 1308 Peloponnesus?
1468 1258 1727 1306 praesertim

89 1349 139 1378 ea
166 1349 280 1388 pars,
311 1348 418 1386 quae
445 1339 622 1376 Ithacae
650 1337 853 1385 proxima
875 1338 956 1374 est.
986 1335 1098 1373 Loco
1117 1344 1251 1382 supra
1268 1334 1446 1372 laudato
1467 1336 1496 1378 (ε
1519 1334 1600 1371 125
1620 1335 1729 1379 sqq.)

88 1415 334 1463 depingitur
366 1413 467 1464 ἱερὸς
500 1413 626 1465 γάμος
659 1413 848 1450 Iasionis
881 1421 979 1449 cum
1013 1409 1166 1449 Cerere
1199 1412 1418 1458 peractus.
1446 1409 1554 1447 Ecce
1582 1409 1729 1446 autem

92 1491 320 1539 Olympiae
364 1489 588 1528 colebatur
629 1488 761 1527 Ceres
804 1486 1030 1535 Chamyne
1073 1485 1246 1535 (χαμύνη
1290 1485 1343 1524 cf.
1377 1485 1651 1523 homericum
1690 1482 1731 1521 ἐν

90 1572 179 1619 νειῷ
207 1565 405 1619 τριπόλῳ),
435 1564 687 1603 colebantur
714 1562 887 1610 Dactyli
914 1562 1028 1600 inter
1055 1571 1164 1608 quos
1182 1558 1312 1606 Ἴασος
1335 1560 1478 1605 (Faus,
1496 1559 1567 1606 Vl,
1590 1559 1658 1606 21,
1682 1559 1727 1605 1;

91 1641 140 1689 V,
178 1643 245 1688 14,
280 1641 333 1685 7).
368 1641 520 1687 Itaque
552 1640 595 1678 in
630 1640 806 1686 regione
840 1648 974 1686 prope
1002 1637 1054 1675 ab
1081 1636 1297 1684 Psophide
1324 1635 1486 1683 posita,
1515 1635 1587 1672 ubi
1617 1634 1723 1681 vige·

90 1717 164 1755 bat
194 1716 386 1754 Dardani
418 1725 594 1763 nomen,
632 1724 762 1763 prope
796 1714 931 1752 etiam
965 1713 1017 1751 ab
1052 1715 1176 1750 antro
1205 1710 1472 1759 Triphyliae‚
1502 1710 1576 1748 ubi
1599 1711 1729 1747 natus

90 1793 185 1830 erat
209 1790 451 1839 Dardanus,
475 1785 911 1841 utriusquejnomen,
933 1790 1025 1826 tam
1041 1788 1229 1826 Iasionis
1251 1787 1358 1824 illud
1379 1796 1506 1833 quam
1523 1784 1730 1832 Dardani,

92 1876 191 1904 cum
225 1865 378 1904 Cerere
410 1867 693 1904 coniunctum
732 1864 946 1903 videmus.

152 1939 259 1989 Quid
301 1951 404 1979 vero
445 1942 628 1979 annotat
659 1940 813 1978 Strabo
846 1939 921 1977 ubi
952 1939 1003 1977 de
1035 1940 1160 1976 antro
1192 1937 1442 1985 Triphyliae
1475 1945 1725 1974 sermonem

91 2016 229 2055 facit?
264 2011 427 2065 „’Eovlv
461 2014 502 2053 ἐν
531 2021 576 2069 τῇ
608 2014 783 2067 παραλία
817 2014 890 2052 δύο
919 2011 1057 2064 ἄντρα,
1082 2011 1124 2051 τὸ
1152 2010 1224 2062 μὲν
1252 2017 1426 2061 νυμφῶν
1457 2009 1729 2061 Ἀνιγριάὸων,

92 2090 134 2129 τὸ
182 2088 224 2129 δὲ
273 2089 314 2129 ἐν
362 2087 391 2145 ᾧ
433 2090 480 2129 τὰ
521 2089 610 2140 περὶ
651 2089 717 2136 τὰς
764 2089 1008 2135 Ἀτλαντίδας
1051 2087 1117 2126 καὶ
1159 2087 1232 2137 τὴν
1275 2086 1494 2136 Δαρδάνου
1536 2080 1724 2136 γένεσιν.”

94 2166 289 2214 Respicit
312 2167 431 2205 Iovis
459 2176 558 2205 cum
584 2166 757 2205 Electra
785 2165 979 2204 Atlantis
1004 2163 1094 2202 filia
1124 2173 1312 2202 amores.
1343 2161 1420 2210 Qui
1449 2171 1551 2200 vero
1580 2171 1634 2198 ex
1661 2160 1730 2198 his

95 2241 319 2280 amoribus
360 2242 451 2279 nati
491 2241 651 2279 erant?
693 2240 857 2288 Nempe
889 2240 1116 2278 Dardanus
1144 2240 1186 2277 et
1212 2239 1381 2276 Iasion!
1410 2237 1547 2276 Nemo
1580 2238 1728 2276 autem

95 2316 252 2354 melius
280 2316 445 2365 docuit,
480 2317 581 2363 quid
614 2316 665 2354 ab
699 2316 865 2363 origine
896 2315 1058 2353 fuerint
1091 2313 1234 2352 Cabiri
1252 2313 1444 2361 Lemnii,
1473 2321 1605 2359 quam
1629 2311 1732 2349 fecIt

97 2391 356 2438 Aeschylus.
390 2391 530 2429 Parva
556 2391 807 2438 fragmenta
834 2390 1059 2440 Καβείρων,
1086 2400 1121 2428 0.
1151 2400 1189 2437 g.
1218 2389 1270 2428 fr.
1301 2389 1355 2426 96
1374 2387 1555 2436 Weckl.,
1575 2387 1733 2425 docent

94 2466 230 2505 fuisse
262 2476 336 2504 eos
368 2467 605 2505 daemones
637 2466 902 2514 fertilitatis3
937 2476 1021 2513 qua
1054 2466 1105 2504 de
1138 2476 1183 2504 re
1210 2465 1377 2513 optime
1413 2464 1502 2512 egit
1529 2463 1733 2501 Fredrich

97 2541 279 2586 (Mitteil.
327 2542 455 2580 Arch.
505 2541 614 2582 Inst.
659 2540 806 2579 XXXI
826 2535 885 2570 1’2
926 2551 966 2589 p.
1013 2541 1089 2579 77:
1128 2540 1400 2589 „Aeschylos
1433 2539 1539 2577 liess
1571 2538 1635 2576 sie
1668 2538 1733 2576 als

97 2616 365 2659 freundliche
409 2616 556 2655 Gaben
599 2617 673 2655 der
709 2616 817 2654 Erde
850 2617 1098 2664 spendende
1131 2616 1358 2654 Damonen
1391 2614 1632 2665 austreten3
1666 2613 1735 2650 die

99 2693 287 2731 Lemnos
329 2693 437 2737 (dea)
480 2693 588 2730 wird
631 2692 755 2731 dabei
792 2702 869 2730 zur
896 2692 1095 2741 Kabeiro,
1130 2692 1213 2730 wie
1245 2691 1451 2730 Demeter
1482 2691 1526 2728 in
1559 2688 1734 2728 Theben

101 2778 178 2805 zur
217 2767 434 2807 Kabeiria.
478 2767 566 2805 Das
608 2766 1004 2816 Geborenwerden,
1047 2767 1320 2815 Altwerden,
1365 2764 1546 2804 Sterben
1584 2764 1628 2801 in
1662 2763 1737 2801 der

99 2842 236 2881 Natur
279 2843 418 2881 haben
460 2845 773 2891 naturgemass
820 2842 907 2881 alle
948 2842 1242 2881 Naturvolker
1283 2841 1360 2879 auf
1389 2840 1456 2878 die
1488 2837 1738 2877 Universal-

99 2920 258 2965 potenz
276 2918 377 2956 oder
400 2918 467 2957 die
486 2917 993 2966 Vegetationsdamonen
1010 2917 1286 2964 ubertragen.
1305 2916 1400 2954 Wie
1419 2915 1493 2952 der
1506 2913 1739 2951 Kretische

100 2992 213 3031 Zeus
246 2992 313 3037 (cf.
348 2992 508 3044 Κρήτης
542 2992 583 3030 ἐν
616 2992 728 3030 πίονι
763 2991 875 3045 ὁήμῳ
910 2992 1024 3039 apud
1057 2991 1327 3040 Hesiodum),
1363 3000 1411 3028 so
1439 2990 1498 3027 ist
1524 2987 1740 3034 Dionysos
