2141 3487
659 309 712 337 DE
746 308 1032 337 EUGAMMOle
1065 309 1322 338 TELEGONJA.
1714 307 1796 345 205

174 422 323 461 Proclo
350 422 389 461 id
421 423 529 462 effici
561 426 705 472 potest
737 432 875 471 neque
912 423 1146 462 verisimile
1179 424 1350 462 videtur
1384 424 1560 464 Ulixem
1594 427 1798 476 Thespro-

173 499 317 536 torum
351 499 657 546 imperatorem
692 501 735 537 et
762 509 908 546 regem
939 499 1184 538 ventilabro
1211 502 1432 538 armatum
1463 511 1644 549 regnum
1674 513 1801 543 suum

173 573 476 621 perlustrasse.
519 573 698 623 Contra,
740 575 824 613 nisi
857 575 900 612 in
934 574 1052 613 Elide
1085 575 1307 613 hominem
1336 575 1460 614 illum
1494 577 1683 627 invenit,
1717 589 1800 618 non

176 649 298 688 video
339 650 553 697 quomodo
595 650 734 689 Procli
777 650 909 689 verba
953 649 1112 699 ,,ἑ’πειτα
1154 651 1195 695 (i.
1231 660 1266 689 e.
1301 661 1355 689 ex
1387 651 1520 696 Elide)
1554 652 1607 698 εἰς
1635 649 1802 704 Ἰθάκην

173 726 447 771 καταπλεύσας
504 725 570 772 τὰς
617 725 696 764 ὑπὸ
742 727 944 775 Τειρεσίου
991 725 1183 777 ῥηθείσας
1229 729 1331 764 τελεῖ
1371 727 1548 773 θυσίας”
1597 730 1803 778 explicari

171 800 352 848 possint.
411 802 563 841 Restat
612 803 740 842 modo
789 806 836 842 ut
880 805 1132 842 statuamus
1179 802 1514 851 Euyammonem
1561 805 1800 853 episodium

171 876 275 915 illud
309 877 351 915 in
383 878 502 917 Elide
535 879 786 918 collocasse.

231 952 412 993 Videtur
439 957 587 993 autem
617 956 843 994 exstitisse
869 955 1070 1003 mythuS,
1099 965 1183 1002 quo
1214 955 1367 994 Ulixes
1386 956 1610 996 hominem
1628 955 1804 996 ἀθαλάτ-

170 1041 306 1066 τευτον
337 1030 380 1068 in
414 1030 671 1079 Thesprotia
703 1031 923 1070 invenisse
954 1031 1154 1070 ferretur.

229 1104 485 1144 EustathiuS
518 1106 569 1144 ad
603 1109 621 1142 λ
660 1107 738 1144 122
774 1117 866 1154 sqq.
902 1108 1043 1155 rogat:
1081 1106 1209 1155 „n'vsg
1244 1103 1278 1144 θ’
1316 1105 1366 1144 ἄν
1399 1103 1478 1146 εἶεν
1511 1107 1553 1146 οἱ
1576 1106 1630 1158 μὴ
1656 1108 1803 1156 εἰδότες

172 1181 471 1220 Ποσειδῶναω.)
503 1183 547 1220 et
579 1182 715 1220 addit:
754 1181 818 1230 „oi
849 1179 891 1220 δὲ
922 1181 1087 1221 παλαιοὶ
1114 1182 1466 1233 βαρβαροφώνους
1496 1183 1642 1230 τόπους
1669 1185 1802 1230 (MSS.

172 1254 367 1302 δούπους)
399 1256 617 1307 ἱστοροῦσι,
656 1257 862 1308 Βουνίμαν
898 1256 1078 1309 λέγοντές
1109 1273 1199 1296 τινα
1231 1256 1256 1309 ἢ
1290 1257 1468 1297 Κελκέαν
1501 1257 1543 1298 ἐν
1576 1254 1634 1306 οἷς
1666 1256 1804 1299 Ὀδυσ-

170 1331 262 1377 σεὺς
294 1331 361 1370 τὸν
396 1334 634 1371 Ποσειδῶνα
667 1332 863 1384 ἐτίμησε”.

229 1408 376 1457 Steph.
426 1410 528 1458 Byz.
578 1420 613 1449 S.
648 1421 688 1449 v.
734 1410 953 1459 Βούνειμα;
1000 1409 1140 1459 ,πόλις
1168 1406 1361 1461 Ἠπείρου
1395 1409 1629 1461 οὐδετέρως,
1660 1412 1803 1462 κτίσμα

166 1479 405 1531 Ὀδυσσέως,
435 1483 486 1535 ἣν
519 1484 644 1524 ἔκτισε
675 1486 846 1536 πλησίον
883 1488 1120 1536 Τραμπύας,
1152 1484 1288 1536 λαβὼν
1321 1486 1517 1536 χρησμόν,
1545 1485 1678 1525 ἐλθεῖν
1705 1488 1804 1538 πρὸς

172 1557 322 1610 ἄνδρας
356 1561 395 1599 οἳ
425 1560 500 1600 οὐκ
531 1560 639 1599 ἴσασι
670 1562 907 1599 θάλασσαν·
941 1562 1043 1612 βοῦν
1077 1555 1151 1600 οὖν
1183 1562 1335 1611 θύσας,
1366 1560 1517 1600 ἕκτισε”
1544 1559 1582 1607 1).

230 1636 412 1677 Tzetzes
445 1638 497 1676 ad
529 1639 742 1687 Lycophr.
775 1638 901 1677 Alex.
938 1649 1000 1677 VS.
1037 1639 1140 1677 791:
1179 1637 1422 1687 „Tpoipmvm
1455 1637 1569 1684 πόλις
1596 1635 1811 1689 Ἠπείρου,

173 1710 275 1749 ἔνθα
309 1712 403 1762 μετὰ
436 1713 578 1752 νόστον
607 1710 822 1759 Ὀδυσσεὺς
855 1712 1035 1763 ἀπῆλθε,
1065 1712 1177 1751 καθὰ
1209 1711 1276 1751 καὶ
1296 1711 1473 1765 ”Όμηρος
1507 1714 1651 1764 γράφει
1682 1718 1805 1754 mul..

173 1785 327 1837 ἐτιμᾶτο
360 1786 402 1826 δὲ
434 1787 476 1826 ἐν
509 1796 555 1843 τῇ
592 1791 789 1844 Τραμπύῃ
821 1788 889 1828 καὶ
922 1787 941 1828 ὁ
971 1786 1230 1835 Ὀδυσσεύς”.

231 1865 359 1905 Paus.
393 1866 431 1915 I,
468 1867 539 1915 12,
576 1868 621 1906 5:
664 1864 943 1917 „'H7tet90“2tat‚
976 1867 1014 1904 οἳ
1040 1863 1139 1916 μηδὲ
1173 1863 1347 1915 ἁλούσης
1376 1861 1495 1903 Ἰλίου
1528 1866 1740 1904 θάλασσαν
1774 1866 1814 1905 οἱ

171 1941 330 1991 πολλοί,
352 1939 453 1992 μηδὲ
477 1939 590 1980 ἁλσὶν
614 1940 830 1992 ἠπίσταντό
855 1955 916 1980 πω
945 1945 1132 1993 χρῆσθαι.
1162 1944 1358 1991 μαρτυρεῖ
1379 1940 1422 1979 δέ
1449 1955 1518 1990 μοι
1544 1940 1612 1979 καὶ
1631 1938 1808 1993 Ὁμήρου

175 2014 269 2063 ἔπος
298 2015 339 2054 ἐν
368 2014 574 2071 Ὀδυσσείᾳ
606 2033 639 2056 κ.
658 2033 687 2056 τ.
706 2019 767 2055 λ.”

235 2093 318 2132 Ubi
372 2095 440 2132 hic
488 2095 670 2142 mythus
717 2095 882 2143 plenior
929 2094 1199 2132 inveniretur
1246 2093 1488 2142 nescimus,
1536 2093 1611 2131 sed
1658 2104 1810 2133 omnes

175 2172 394 2217 auctores,
427 2170 500 2217 qui
531 2170 674 2208 Ulixis
706 2170 789 2208 iter
816 2169 970 2208 Eleum
999 2169 1242 2208 omiserunt
1269 2169 1320 2206 ad
1347 2169 1551 2216 mythum
1580 2170 1809 2216 antiquum

175 2248 462 2285 reverterunt.
497 2247 566 2285 Sic
598 2248 642 2285 in
674 2247 874 2295 Epitoma
907 2246 1172 2293 Sabbaitica,
1209 2246 1280 2284 ubi
1312 2246 1362 2283 de
1394 2245 1539 2283 Ulixis
1571 2247 1614 2282 in
1641 2245 1808 2283 Elidem

175 2321 329 2360 itinere
356 2322 473 2360 nulla
499 2321 549 2360 fit
575 2323 759 2370 mentio,
788 2323 917 2361 heros
943 2323 1086 2371 procis
1112 2321 1355 2360 interfectis
1382 2321 1521 2359 statim
1542 2331 1616 2368 per
1632 2320 1807 2369 Epirum

177 2397 230 2435 ad
272 2397 539 2446 Thesprotos
579 2397 878 2447 proficiscitur,
923 2398 996 2436 ubi
1038 2399 1088 2436 de
1131 2398 1322 2436 Tiresiae
1356 2397 1579 2435 mandatis
1611 2397 1810 2445 Neptuno

176 2472 407 2512 sacrificat.
449 2474 594 2522 Neque
637 2485 707 2512 me
739 2474 850 2522 fugit
882 2474 926 2512 E.
961 2475 1182 2521 Meyerum
1217 2483 1470 2512 asseverare
1502 2472 1808 2521 Apollodorum

177 2548 223 2586 τὰ
256 2548 296 2586 ἐν
320 2547 453 2586 ’Ἠλιδι
484 2550 663 2588 fortuito
695 2550 944 2598 transiisse,
979 2551 1053 2588 sed
1086 2549 1175 2588 tale
1207 2551 1516 2597 argumentum
1551 2558 1605 2586 ex
1637 2548 1811 2606 silentio

178 2635 358 2674 paucos,
386 2626 549 2674 opinor,
579 2626 773 2664 inveniet
799 2626 1101 2664 admiratores.
1130 2625 1420 2673 Apollodorus
1448 2624 1559 2661 haud
1588 2623 1714 2661 dubie
1732 2622 1811 2661 sub

179 2702 316 2740 oculis
362 2702 513 2740 habuit
553 2712 637 2740 non
680 2701 959 2749 Telegoniam
1002 2702 1076 2740 sed
1118 2701 1450 2749 Thesprotidem
1494 2699 1634 2746 illam,
1677 2708 1807 2745 quam

181 2777 415 2826 Sophocles
447 2777 673 2825 tragoedia
704 2786 784 2814 sua
815 2776 1071 2823 divulgavit.

238 2854 499 2892 Rectissime
541 2862 642 2891 vero
683 2852 903 2890 Svoronos
935 2852 962 2890 l.
990 2851 1017 2890 l.
1052 2862 1073 2889 e
1106 2851 1248 2890 Procli
1280 2850 1424 2889 verbis
1456 2849 1598 2888 effecit
1630 2849 1805 2887 Ulixem

227 3016 251 3057 l)
275 3018 435 3051 Bunima,
460 3020 498 3047 ut
521 3020 639 3047 monet
663 3017 813 3051 Wilam.‚
838 3015 1002 3054 apparuit
1026 3014 1060 3044 in
1085 3015 1201 3052 lapide
1225 3014 1416 3043 dodonaeo.
1442 3013 1552 3042 Cauer
1576 3011 1639 3041 del.
1667 3011 1741 3041 247.
