2141 3487
799 317 852 344 DE
884 317 1068 345 cARNffls
1666 312 1713 348 17
1723 313 1744 348 7

120 427 318 475 Pythone
360 429 588 468 interfecto
630 430 818 468 Tarrhae
862 431 902 467 in
947 429 1074 469 Creta
1115 431 1168 469 ab
1209 431 1473 471 Carmanore
1510 433 1746 471 lustratum

120 502 255 543 fuisse
288 506 504 543 memorat
536 505 777 543 Pausanias
811 527 883 553 —‚
918 506 1134 554 Apollinis
1167 507 1385 555 imprimis
1416 507 1625 556 religione
1658 519 1748 556 pro-

122 582 306 628 pagatus
334 581 375 618 in
405 581 631 628 maiusque
658 582 812 620 auctus
839 584 918 620 est.
943 582 1011 619 Sic
1030 583 1071 619 in
1091 581 1252 621 Carnea
1273 593 1442 630 quoque
1461 586 1560 632 post
1576 584 1749 623 Dorien-

119 656 235 694 sium
269 657 456 695 reditum
489 667 586 696 mos
613 657 876 706 insinuavit,
906 658 978 705 qui
1005 658 1159 695 deinde
1183 658 1226 696 in
1254 659 1347 696 dies
1374 659 1517 706 magis
1544 659 1748 709 invaluit,

120 733 167 770 ut
194 731 407 780 Apollinis
434 732 545 770 iram
573 731 702 770 Carni
729 733 781 771 ob
810 734 998 771 mortem
1027 733 1298 781 conceptam,
1334 743 1418 780 qua
1451 735 1580 774 caede
1610 746 1751 774 omnes

121 809 364 847 maculatos
390 817 437 845 se
464 809 686 856 putarent,
716 809 846 846 certis
871 808 1130 855 quibusdam
1161 807 1387 847 sacrificiis
1410 811 1608 849 avertere
1626 821 1749 849 cona-

119 885 289 930 rentur;
320 894 456 930 neque
483 884 654 931 iniuria,
685 894 782 922 cum
811 884 1026 931 Apollinis
1043 884 1108 922 ira
1127 884 1483 923 manifestaretur
1500 887 1751 933 pestilentia

120 960 302 997 aestiva.
337 960 460 998 Hanc
492 960 544 998 ob
579 969 756 998 causam
790 960 960 1007 legibus
993 960 1215 998 sancitum
1254 962 1321 998 est
1352 964 1399 998 ut
1430 964 1534 999 totus
1567 963 1752 1010 populus

118 1036 257 1073 sacris
288 1035 523 1074 interesset
552 1036 859 1083 exercitusque
903 1036 1018 1074 intra
1050 1035 1158 1074 fines
1189 1038 1410 1083 mane1·et;
1445 1040 1539 1075 tum
1575 1038 1752 1077 demum

119 1109 377 1158 Hippotam,
423 1109 635 1158 φαρμακόν
667 1110 816 1158 illum,
852 1110 919 1149 cui
953 1111 1174 1149 cottannis
1206 1110 1366 1149 finibus
1398 1112 1752 1162 interdicebatur,

117 1186 308 1223 omnium
342 1185 619 1224 Doriensium
652 1185 781 1233 culpa
808 1186 1017 1223 onustum
1045 1185 1289 1233 fugiturum
1319 1186 1562 1225 credebant.
1591 1188 1754 1236 Epulae

119 1271 241 1308 vero,
278 1261 433 1308 quibus
465 1261 711 1308 antiquitus
745 1261 980 1299 utebantur
1011 1271 1170 1308 omnes,
1211 1262 1392 1300 umbrae
1425 1272 1532 1309 quas
1566 1265 1754 1303 maiores

119 1346 277 1384 ponere
325 1336 522 1374 solebant
565 1347 722 1384 omnes,
757 1346 842 1375 non
876 1337 919 1374 in
957 1337 1291 1375 desuetudinem
1326 1338 1498 1385 quidem
1535 1339 1754 1390 abierunt,

118 1411 194 1449 sed
227 1422 252 1450 a
284 1411 566 1451 Doriensibus
598 1414 659 1452 ita
691 1415 796 1451 sunt
828 1413 1044 1461 minutae,
1078 1414 1128 1450 ut
1159 1413 1319 1451 noveni
1351 1414 1481 1452 modo
1514 1425 1535 1452 e
1568 1416 1756 1463 singulis

118 1486 264 1534 phylis
311 1487 494 1527 iuvenes
540 1488 738 1536 (μειράκια
781 1488 968 1526 audiunt
1010 1488 1122 1536 apud
1166 1488 1373 1536 Hesych.)
1406 1490 1636 1537 antiquum
1671 1501 1756 1529 ser-

121 1565 270 1600 varent
305 1574 493 1612 morem,
539 1575 677 1612 neque
711 1565 862 1603 dubito
895 1564 997 1611 quin
1032 1564 1238 1610 quidquid
1274 1565 1466 1603 militare
1499 1566 1540 1603 in
1580 1577 1756 1605 consue·

119 1637 294 1676 tudines
327 1639 490 1678 festum
524 1640 749 1688 agentium
781 1640 1026 1688 irrepserit,
1063 1639 1349 1678 Doriensibus
1377 1641 1435 1678 sit
1461 1641 1756 1681 tribuendum.

121 1710 288 1751 Ceteris
319 1714 507 1753 fortasse
540 1715 693 1763 epulae
726 1724 986 1753 communes
1018 1714 1298 1764 parabantur.

179 1788 259 1826 Sed
309 1789 533 1828 Musarum
581 1800 750 1837 quoque
800 1792 1024 1828 certamen
1069 1801 1168 1829 cum
1213 1790 1393 1829 Carneis
1434 1792 1757 1830 coniunxerunt

119 1862 371 1914 Dorienses,
404 1866 455 1904 de
488 1867 646 1913 quibus
678 1866 834 1904 merito
869 1866 1025 1904 cecinit
1059 1866 1266 1904 Alcman:

356 1937 466 1988 ἕρπει
496 1939 570 1992 γὰρ
604 1938 702 1978 ἄντα
735 1947 786 1994 τῷ
820 1940 970 1995 σιδάρῳ
1004 1940 1046 1978 τὸ
1078 1943 1207 1987 καλῶς
1239 1941 1506 1992 κιθαρίσδειν.

121 2013 315 2054 Tradidit
343 2016 460 2055 enim
488 2017 741 2055 Athenaeus
776 2013 831 2061 ¹):
874 2014 946 2065 „roc
984 2015 1161 2066 Κάρνεια
1193 2023 1347 2067 πρῶτος
1380 2017 1541 2056 πάντων
1577 2020 1758 2069 Τερπαν·

122 2088 215 2139 δρος
256 2098 363 2144 νικᾷ,
404 2089 456 2137 ὡς
490 2087 725 2136 Ἑλλάνικος
767 2091 920 2139 ἱστορεῖ
956 2090 998 2129 ἕν
1030 2106 1067 2129 τε
1100 2095 1180 2138 τοῖς
1214 2090 1416 2142 ἐμμέτροις
1455 2095 1760 2144 Καρνειονίκαις

120 2163 186 2202 καὶ
213 2163 255 2203 ἐν
282 2169 364 2212 τοῖς
391 2167 716 2216 καταλογάδην”.
750 2168 997 2206 Secundum
1018 2168 1255 2206 Eusebium
1278 2165 1305 2214 2)
1335 2167 1354 2206 ὁ
1381 2170 1625 2224 κιθαρῳδῶν
1653 2169 1762 2222 ἀγών

121 2251 236 2279 anno
283 2242 463 2280 demum
497 2243 582 2281 676
617 2253 654 2280 a.
690 2242 731 2281 O.
776 2253 816 2281 n.
852 2244 920 2281 est
960 2243 1218 2291 institutus;
1264 2244 1380 2282 haud
1423 2245 1551 2284 dubie
1585 2248 1629 2284 et
1661 2249 1762 2286 ante

121 2316 373 2354 huiusmodi
421 2317 599 2355 fuerunt
647 2318 913 2366 certamina,
961 2318 1036 2356 sed
1085 2318 1211 2356 credo
1255 2319 1491 2358 Eusebium
1538 2321 1765 2360 rettulisse

118 2391 245 2429 illum
277 2402 464 2439 annum,
499 2402 582 2439 quo
617 2392 755 2430 victor
787 2393 932 2430 evasit
959 2393 1223 2440 Terpander.

179 2466 442 2504 Primarium
487 2468 635 2505 autem
679 2467 822 2505 locum
866 2468 980 2505 inter
1029 2468 1226 2506 carmina
1273 2469 1508 2517 solemnia,
1553 2481 1663 2518 quae
1707 2473 1765 2510 ibi

120 2541 410 2580 audiebantur
444 2551 682 2589 occupasse
716 2542 887 2580 videtur
919 2542 1112 2590 elogium
1145 2543 1384 2582 Alcestidis
1417 2546 1581 2584 amoris
1609 2546 1764 2585 Adme-

122 2617 241 2664 tique
275 2626 378 2664 erga
410 2616 658 2664 Apollinem
693 2617 1020 2665 hospitalitatis.
1054 2617 1115 2656 De
1147 2618 1387 2657 Alcestidis
1420 2621 1595 2666 quidem
1626 2622 1766 2669 elogio

122 2692 299 2729 constat
330 2702 383 2730 ex
418 2691 633 2739 Euripidis
666 2691 868 2729 versibus
900 2702 1034 2740 supra
1066 2692 1226 2731 allatis.
1259 2693 1320 2732 De
1353 2695 1553 2743 AdmetO,
1584 2698 1631 2733 ut
1649 2697 1763 2735 idem

123 2776 405 2815 censeamus,
450 2767 518 2804 his
561 2776 791 2805 movemur
834 2767 1123 2814 argumentis.
1167 2767 1364 2806 Primum
1401 2770 1514 2807 inter
1546 2770 1765 2810 Praxillae

118 2841 312 2891 παροίνια
349 2842 577 2880 invenitur
609 2841 793 2879 scolium
829 2842 1140 2880 notissimum:

164 3011 188 3049 ¹)
213 3011 291 3042 XIV
322 3013 385 3042 635
400 3013 437 3042 E.
576 3010 603 3049 2)
628 3013 755 3042 Euseb.
783 3011 907 3041 chron.
934 3013 949 3041 Ι
974 3013 1048 3042 198.

202 3070 391 3098 vilan-inm.
1616 3073 1648 3099 1-2
