2141 3487
825 306 878 332 Dis
910 305 1054 332 Amen.
1698 294 1721 329 4
1734 294 1751 329 1

125 425 277 464 Troiae
320 424 469 462 hostes
511 422 669 461 Aiaces
702 432 727 460 a
758 420 952 459 Minerva
983 420 1027 458 in
1066 421 1110 457 Ψ
1138 419 1324 458 ludibrio
1357 418 1584 457 habentur.
1618 417 1758 455 Huius

127 501 212 540 odii
244 509 376 539 causa
408 500 451 537 et
477 497 738 546 principium
767 497 810 535 in
836 496 1016 535 Graecia
1044 495 1291 543 quaerenda
1317 495 1432 533 sunt.
1461 493 1580 543 Quod
1598 492 1757 531 idcirco

126 575 339 614 memoria
395 574 635 613 tenendum
683 583 780 612 esse
827 573 1090 621 iudicamus,
1142 572 1348 619 quoniam
1396 570 1561 610 nostris
1609 568 1760 608 diebus

126 651 308 690 Bethius
363 650 544 699 probare
602 651 787 688 conatus
833 650 901 688 est
948 650 1049 687 ante
1096 648 1205 687 alios
1252 657 1406 687 omnes
1454 645 1759 685 Telamonium

126 727 415 766 Troianorum
443 726 695 765 habendum
722 735 818 764 esse
846 726 1018 764 hostem
1048 724 1226 770 (Homer
1253 724 1340 762 und
1367 723 1434 762 die
1461 721 1757 768 Heldensage;

127 803 204 842 Die
235 803 334 850 troj.
368 803 527 851 Ausgr.
562 802 647 841 und
680 802 748 840 die
780 800 1115 846 Homerkritik).
1150 800 1275 839 Unde
1307 799 1432 838 facile
1469 820 1519 825 —
1550 797 1626 838 sed
1650 796 1760 835 falso

126 879 164 918 51
197 879 297 926 quid
330 878 599 917 videmus—
622 878 852 917 deduxerit
885 877 1043 925 aliquis
1075 876 1316 915 Minervam
1352 876 1501 924 utpote
1528 873 1759 926 ῥυσίπτολιν

124 956 403 1004 persecutam
437 965 534 993 esse
566 954 761 993 Aiacem.

182 1032 241 1071 At
287 1041 373 1070 non
421 1041 521 1069 cum
570 1030 767 1069 Minerva
814 1029 952 1074 (cuius
999 1028 1197 1067 numinis
1244 1029 1293 1066 ut
1333 1028 1376 1066 in
1422 1029 1453 1064 Z
1500 1025 1760 1065 describitur

120 1107 284 1156 posteri
316 1107 535 1145 rationem
570 1105 817 1144 habuerunt
849 1104 1018 1143 nullam
1052 1103 1240 1142 testibus
1277 1103 1474 1141 nummis
1507 1102 1761 1150 Iliensibus,

120 1183 235 1222 teste
267 1192 436 1230 quoque
468 1181 743 1221 sacrificandi
770 1181 858 1220 ritu
884 1181 928 1219 in
957 1180 1121 1219 Troade
1148 1179 1370 1229 solemni),
1400 1179 1476 1218 sed
1505 1189 1605 1218 cum
1633 1178 1759 1227 Apol-

121 1258 227 1307 line,
265 1268 364 1297 cum
397 1257 538 1296 Diana
569 1259 613 1296 et
643 1258 828 1306 Latona,
873 1257 988 1295 Aiax
1020 1256 1261 1295 identidem
1295 1255 1504 1294 dimicare
1537 1255 1759 1294 debuerat.

123 1335 180 1373 Hi
205 1334 324 1374 enim
350 1334 526 1373 Troiam
553 1334 810 1383 defendunt,
840 1333 885 1372 hi
911 1333 1076 1372 habent
1101 1333 1318 1381 templum
1352 1332 1395 1370 in
1424 1341 1521 1370 arce
1555 1332 1606 1376 (Ε
1639 1332 1754 1376 446).

123 1411 212 1450 Nec
257 1411 435 1450 mirum.
485 1411 641 1460 Apollo
686 1411 805 1450 enim
848 1410 901 1449 ab
945 1410 1112 1458 origine
1145 1409 1337 1450 Graecus
1367 1418 1454 1447 non
1487 1408 1604 1454 erat;
1637 1407 1760 1445 velut

122 1487 188 1526 tot
220 1486 319 1526 aliis
349 1486 458 1526 locis
489 1486 729 1526 maritimis
761 1486 891 1526 Asiae
924 1486 1101 1525 Minoris
1133 1486 1196 1525 sic
1229 1486 1381 1525 Troiae
1413 1494 1582 1532 quoque
1609 1484 1758 1522 sedem

121 1562 323 1601 habebat.

182 1638 362 1687 Saepius
409 1638 701 1677 observarunt
749 1638 830 1676 viri
872 1638 987 1677 docti
1029 1638 1276 1677 Homerum
1319 1637 1434 1676 inter
1470 1636 1681 1676 Troianos
1714 1637 1758 1674 et

121 1714 167 1752 et
199 1713 387 1753 Graecos
420 1714 587 1753 nullam
620 1714 710 1753 fere
743 1714 1087 1762 discrepantiam
1120 1713 1214 1753 sive
1245 1723 1440 1763 morum,
1470 1713 1564 1751 sive
1593 1711 1755 1761 cultus,

119 1789 215 1827 sive
261 1789 437 1838 linguae
479 1789 778 1829 constituisse.
821 1789 968 1828 Unam
1012 1791 1162 1828 autem
1205 1788 1547 1837 discrepantiam
1581 1788 1759 1836 poetam

122 1874 260 1913 paene
288 1875 490 1904 servasse
517 1865 697 1915 dixeris,
728 1875 886 1914 nempe
919 1865 1162 1904 Minervam
1191 1875 1287 1904 cum
1315 1865 1493 1904 Graecis
1511 1863 1759 1913 Apollinem

125 1951 225 1980 cum
259 1941 460 1980 Troianis
491 1952 727 1990 pugnasse.
763 1941 845 1981 Sed
878 1952 933 1981 ne
965 1942 1073 1981 haec
1104 1942 1279 1989 quidem
1310 1941 1558 1980 differentia
1590 1940 1756 1979 intacta

123 2017 300 2056 mansit.
335 2018 473 2066 Supra
503 2018 593 2056 iam
626 2018 796 2066 egimus
828 2018 879 2056 de
906 2018 1120 2068 Minerva,
1150 2018 1220 2057 hic
1246 2019 1453 2066 sequatur
1480 2017 1753 2065 exemplum,

126 2095 199 2141 qui
245 2093 399 2141 Apollo
448 2094 501 2132 ad
545 2095 690 2132 castra
732 2094 895 2132 Graeca
936 2094 1278 2142 transmigrarit.
1319 2094 1537 2142 Quantum
1572 2093 1756 2141 scimus,

125 2169 360 2207 hodiernos
392 2169 617 2217 hucusque
650 2170 764 2218 fugit
792 2180 896 2209 vera
922 2170 990 2208 vis
1017 2170 1112 2209 loci.
1142 2170 1358 2209 Audimus
1376 2170 1492 2208 enim
1512 2170 1555 2207 in
1572 2168 1681 2207 libro
1699 2168 1757 2217 X,

123 2244 167 2282 in
198 2243 283 2283 fine
314 2244 464 2284 Iliadis
496 2245 826 2295 antiquissimo,
861 2246 1048 2285 Graecos
1081 2246 1284 2285 Hectoris
1316 2246 1368 2285 ob
1401 2247 1591 2285 mortem
1624 2245 1755 2284 laudi-

122 2319 204 2358 bus
245 2320 483 2359 honorasse
525 2331 689 2360 numen
731 2321 938 2371 coeleste,
973 2323 1021 2360 ut
1054 2322 1282 2370 tragoedia
1312 2323 1490 2370 peracta
1522 2321 1756 2360 choreutae

122 2395 173 2433 de
205 2405 366 2434 scaena
397 2396 619 2435 discedere
651 2397 796 2436 solent
827 2397 954 2436 illum
983 2398 1111 2437 deum
1141 2397 1432 2445 celebrantes,
1462 2398 1584 2437 cuius
1613 2399 1753 2446 potes·

122 2472 193 2510 tas
234 2473 277 2510 et
317 2471 522 2511 voluntas
564 2472 608 2510 in
649 2472 795 2511 fabula
835 2483 966 2521 quam
1011 2474 1207 2512 maxime
1250 2475 1550 2522 spectatorum
1584 2473 1754 2512 animos

124 2548 456 2587 commoverint.
500 2548 779 2597 Exspectarit
821 2549 952 2597 igitur
998 2549 1156 2597 aliquis
1198 2549 1385 2589 Graecos
1427 2550 1478 2588 ob
1522 2550 1755 2588 victoriam

121 2625 393 2672 reportatam
441 2624 479 2662 51
527 2635 655 2672 quem
704 2625 841 2664 alium
885 2625 1090 2664 laudasse
1133 2626 1389 2665 Minervam.
1437 2627 1530 2665 Non
1571 2626 1632 2666 ita
1674 2627 1753 2664 est.

121 2699 230 2738 Ecce
261 2709 438 2738 versus:

356 2780 434 2813 νῦν
467 2772 504 2813 δ’
541 2771 599 2827 ἄγ’
636 2773 839 2822 ἀείδοντες
870 2776 1068 2827 παιήονα,
1099 2783 1240 2830 κοῦροι
1273 2781 1457 2829 Ἀχαιῶν,

357 2849 504 2901 νηυσὶν
537 2849 600 2890 ἐπὶ
632 2854 863 2906 γλαφυρῇσι
894 2852 1098 2903 νεώμεθα,
1129 2853 1244 2893 τόνδε
1277 2851 1312 2892 δ’
1349 2853 1518 2906 ἄγωμεν·

359 2925 578 2979 ,,ἠρόμεθα
611 2925 709 2980 μέγα
741 2927 882 2974 κῦδος·
916 2927 1142 2980 ἐπέφνομεν
1163 2928 1339 2982 ’Ἕκτορα
1372 2931 1462 2969 δῖον

358 2999 388 3058 ᾧ
425 3005 556 3055 Τρῶες
587 3001 689 3042 κατὰ
720 3002 851 3042 ,Ράστυ
884 3006 967 3060 θεῷ
1002 3002 1053 3052 ὣς
1084 3003 1366 3059 ἠυχετάοντο”.
1431 3008 1481 3052 (Χ
1500 3006 1751 3050 891-394)
