2200 3487
394 342 447 378 48
1086 348 1139 375 DE
1172 348 1315 376 Aerss.

391 464 545 501 mortis
577 463 684 499 bene
717 471 884 499 memor
916 461 1001 499 cito
1034 471 1219 509 parvum
1247 463 1402 499 nactus
1429 461 1655 509 navigium
1683 462 1812 498 noctu
1841 460 2012 498 Troiam

392 538 612 585 relinquit,
655 546 737 584 quo
781 536 824 574 in
856 536 1013 574 itinere
1046 537 1158 585 apud
1191 537 1330 584 Gyras
1362 536 1672 584 submergitur.
1708 536 1837 574 Cuius
1869 536 2016 574 exitus

393 614 547 651 nuntio
582 612 633 650 ad
668 612 912 651 exercitum
945 612 1114 660 perlato
1147 612 1298 651 Graeci
1330 612 1494 660 ingenti
1524 612 1669 650 dolore
1702 613 1744 650 et
1775 611 1896 650 luctu
1928 611 2018 649 ani-

392 690 477 726 mis
519 687 780 726 afficiuntur.
824 688 976 735 Itaque
1013 697 1172 726 navem
1206 688 1323 735 ligno
1355 687 1595 735 expletam,
1628 687 1721 735 rogi
1753 687 1794 725 in
1827 687 2016 725 formam

391 764 669 811 instructam,
714 763 849 811 nigris
891 762 1086 801 victimis
1124 763 1264 802 caesis
1296 764 1523 801 oneratam
1555 762 1794 801 incendunt
1824 762 2018 809 velisque

391 839 574 876 sublatis
606 838 749 876 ventis
781 838 832 876 ab
865 839 941 877 Ida
971 839 1179 877 flantibus
1212 839 1508 877 committunt.

452 914 570 952 Haec
610 914 756 952 fabula
797 915 914 952 caret
956 914 1272 962 additamento,
1316 923 1398 960 quo
1440 914 1484 951 in
1527 913 1722 961 Odyssea
1753 912 2016 960 mythus·de

390 990 486 1028 odio
511 990 624 1028 inter
650 990 830 1028 Aiacem
853 991 896 1028 et
922 989 1165 1028 Minervam
1192 988 1462 1028 internecivo
1489 989 1768 1035 obscuratur;
1798 988 1882 1026 alio
1901 987 2018 1025 enim

390 1067 647 1114 argumento
682 1087 733 1092 —
767 1065 819 1103 ab
867 1064 998 1103 Aiace
1042 1064 1183 1103 alieno
1217 1087 1269 1091 ——
1303 1065 1386 1103 hoc
1431 1075 1529 1103 cum
1572 1064 1668 1103 odio
1711 1063 1940 1102 coniuncto
1972 1062 2015 1099 in

391 1141 585 1188 Odyssea
620 1150 689 1179 res
730 1140 779 1178 fit
818 1141 1075 1180 intricatior.
1110 1141 1248 1179 Abest
1281 1141 1398 1180 enirn
1432 1141 1543 1189 apud
1576 1141 1894 1179 Philostratum
1927 1148 2016 1187 pro-

392 1217 517 1265 cella,
550 1227 634 1263 qua
666 1216 860 1256 Minerva
891 1219 1029 1256 totam
1065 1217 1327 1256 Graecorum
1356 1217 1544 1255 classem
1572 1226 1759 1254 vexasse
1786 1213 2016 1253 ferebatur.

391 1293 438 1331 Id
489 1293 616 1331 modo
666 1293 892 1331 docemur:
941 1293 1120 1332 Aiacem
1167 1292 1448 1340 naufragium
1496 1291 1654 1330 fecisse
1701 1290 1814 1339 apud
1856 1289 2018 1337 Gyras;

392 1368 571 1407 huiusce
604 1368 870 1407 calamitatis
903 1378 1084 1407 causam
1114 1368 1250 1406 fuisse
1282 1368 1501 1406 Minervae
1528 1368 1663 1414 iram;
1693 1366 1880 1405 Graecos
1897 1364 2018 1403 heroi

392 1444 546 1482 tulisse
579 1444 770 1482 inferias.

454 1520 533 1558 Sed
567 1519 609 1557 in
638 1519 814 1558 Locride
841 1529 1008 1566 quoque
1037 1519 1088 1557 de
1116 1519 1263 1557 Aiacis
1290 1518 1544 1567 honoribus,
1576 1518 1626 1556 de
1654 1517 1822 1555 inferiis
1849 1515 2020 1563 quibus-

393 1596 492 1633 dam
535 1595 749 1634 audimus.
793 1595 990 1634 Primum
1033 1595 1304 1634 habebantur
1345 1595 1403 1633 ibi
1445 1593 1616 1646 ἀγῶνες,
1646 1592 1874 1632 sacrificiis
1906 1602 2019 1630 coro-

393 1671 545 1718 nisque
578 1669 645 1708 τὸν
674 1669 886 1708 Αἰάντειον
912 1669 1049 1721 βωμὸν
1077 1670 1399 1721 κατεκόσμησαν;
1426 1668 1579 1720 ἔτίματο
1598 1670 1711 1708 Aiax
1729 1667 1770 1706 ἐν
1787 1673 1832 1721 τῇ
1850 1666 2020 1717 Λοκρίδι

392 1741 457 1783 ἶσα
488 1749 583 1799 θεῷ.
618 1745 855 1800 Κενοταφίῳ
889 1746 1032 1784 herois
1064 1756 1140 1794 pro
1167 1746 1288 1799 βωμῷ
1316 1746 1549 1784 utebantur
1575 1744 1743 1783 incolae
1771 1742 1812 1781 ἐν
1834 1739 2021 1781 Ὀποῦντι

395 1822 542 1866 (schol.
570 1822 691 1861 Pind.
729 1822 791 1860 Ol.
824 1821 886 1860 IX
921 1823 1184 1866 161-167).
1219 1822 1381 1861 Verum
1416 1821 1533 1860 enim
1567 1820 1815 1869 sepulcrum
1848 1818 2017 1866 Myconi

396 1899 488 1935 erat
520 1898 714 1942 (Aristot.
748 1897 866 1945 Pepl.
904 1898 985 1946 16),
1020 1898 1132 1945 apud
1165 1896 1340 1943 Αἴαντος
1371 1895 1514 1947 πέτρας
1548 1897 1721 1945 (Hygin.
1754 1896 1782 1934 f.
1820 1897 1929 1939 116).

456 1974 561 2021 Quid
609 1984 709 2012 vero
754 1995 806 2000 —
849 1983 953 2012 nam
996 1974 1108 2020 quod
1150 1974 1428 2012 narravimus
1470 1973 1520 2012 de
1563 1972 1797 2021 agonibus,
1841 1972 1892 2010 de
1925 1980 2017 2018 ara,

395 2048 445 2086 de
478 2050 662 2098 coronis,
699 2049 844 2088 differt
876 2049 927 2088 ab
961 2049 1132 2087 inferiis
1167 2072 1219 2077 ——
1253 2049 1383 2088 fiebat
1416 2047 1458 2087 ἐν
1484 2045 1702 2087 Ὀποῦντιὶ)

453 2126 692 2164 Audiamus
735 2126 921 2165 Tzetzen
954 2126 1007 2165 ad
1039 2126 1253 2175 Lycophr.
1287 2124 1397 2166 365:
1436 2127 1656 2175 ημαθοῦσα
1689 2120 1732 2161 δὲ
1762 2119 1787 2172 ἡ
1819 2119 2018 2172 Λοκρὶς

396 2199 567 2237 ἅπασα
609 2199 650 2238 τὸ
692 2200 852 2252 συμβὰν
893 2199 957 2239 ἐπὶ
988 2201 1134 2253 χρόνον
1165 2201 1257 2240 ὅλον
1290 2204 1627 2251 μελανηῳοροῦσα
1658 2198 1726 2237 τὸν
1753 2196 1882 2249 ἄνδρα
1909 2194 2020 2235 ἐπέν-

394 2278 497 2325 θησε
528 2274 593 2313 καὶ
626 2274 786 2326 ἕτησίως
820 2274 986 2315 ὅλκοὶδια
1028 2279 1236 2328 πληροῦσα
1278 2280 1437 2315 θυσιῶν
1480 2278 1790 2327 μεγαλοπρεπῶν
1831 2271 1898 2311 καὶ
1939 2278 2019 2323 πῦρ

397 2348 645 2400 ἐμβάλλουσα
676 2358 722 2405 τῇ
756 2349 893 2390 ὁλκάδι
926 2350 1126 2403 ἒξαρτῶσά
1156 2367 1195 2390 τε
1222 2350 1344 2402 μέλαν
1371 2352 1496 2390 ἱστίον
1524 2349 1703 2402 αὐχένων
1729 2347 1846 2401 χωρὶς
1872 2347 2020 2398 ἔπεμπε

396 2425 495 2476 πρὸς
526 2425 567 2464 τὸ
600 2425 768 2478 πέλαγος
800 2428 1090 2466 κατακαίεσθαι
1121 2428 1275 2467 θυσίαν
1306 2435 1357 2482 τῷ
1390 2427 1530 2479 ἤρωι.”

455 2502 690 2541 Naviculae
736 2503 867 2550 igitur
914 2504 1117 2553 expletae
1160 2503 1385 2543 sacrificiis
1424 2503 1668 2552 magnificis
1708 2501 1881 2540 incendi
1912 2499 2018 2538 sole-

399 2577 524 2624 bant;
567 2578 766 2616 incensae
809 2589 911 2618 vero
948 2580 1052 2619 velis
1084 2580 1268 2619 sublatis
1300 2579 1590 2628 gubernaculo
1622 2580 1791 2617 remoto
1822 2577 1866 2615 in
1897 2585 2020 2614 mare

398 2652 734 2691 inmittebantur
766 2654 944 2693 inferiae
977 2656 1110 2695 heroi.

457 2727 730 2775 Comparatis
762 2728 875 2767 inter
907 2740 953 2768 se
987 2740 1098 2777 quae
1130 2731 1310 2769 tradidit
1341 2731 1635 2769 Philostratus
1667 2731 1796 2776 atque
1828 2737 1937 2775 quae
1969 2727 2020 2765 de

398 2804 633 2841 Locrorum
675 2804 762 2841 ritu
805 2804 991 2843 solemni
1033 2807 1229 2845 servavit
1268 2807 1466 2855 Tzetzes,
1500 2805 1657 2843 statim
1690 2804 1869 2852 apparet
1900 2802 2017 2840 fabu-

398 2878 486 2916 lam
528 2878 867 2917 Philostrateam
909 2889 993 2918 non
1036 2881 1086 2919 de
1129 2882 1264 2921 nihilo
1297 2881 1432 2920 fuisse
1463 2880 1630 2932 fictam,
1663 2889 1817 2918 revera
1847 2887 2017 2916 morem

398 2953 699 2991 navicularum
732 2953 1118 2994 sacrificandarum
1152 2957 1194 2995 in
1226 2957 1405 2996 Locride
1439 2955 1675 2994 exstitisse.

459 3028 685 3075 Quaeritur
732 3029 831 3075 quid
880 3029 950 3067 ille
991 3040 1087 3069 mos
1119 3032 1202 3069 sibi
1236 3031 1434 3070 voluerit.
1468 3031 1673 3069 Fortasse
1704 3031 1826 3079 sunt,
1860 3029 1934 3076 qui
1963 3038 2019 3067 ex
