<?xml version="1.0" encoding="UTF-8"?>
<!DOCTYPE html PUBLIC "-//W3C//DTD XHTML 1.0 Transitional//EN"
    "http://www.w3.org/TR/xhtml1/DTD/xhtml1-transitional.dtd">
<html xmlns="http://www.w3.org/1999/xhtml" xml:lang="en" lang="en">
 <head>
  <title>
</title>
<meta http-equiv="Content-Type" content="text/html;charset=utf-8" />
  <meta name='ocr-system' content='tesseract 3.04.00' />
  <meta name='ocr-capabilities' content='ocr_page ocr_carea ocr_par ocr_line ocrx_word'/>
</head>
<body>
  <div class='ocr_page' id='page_1' title='image "./deaiacisoriginec00vr_0184.png"; bbox 0 0 2200 3487; ppageno 0'>
   <div class='ocr_carea' id='block_1_1' title="bbox 449 326 1397 370">
    <p class='ocr_par' dir='ltr' id='par_1_1' title="bbox 449 326 1397 370">
     <span class='ocr_line' id='line_1_1' title="bbox 449 326 1397 370; baseline 0.008 -8"><span class='ocrx_word' id='word_1_1' title='bbox 449 326 496 363; x_wconf 84' lang='lat'>17</span> <span class='ocrx_word' id='word_1_2' title='bbox 505 326 528 363; x_wconf 82' lang='lat'><strong>2</strong></span> <span class='ocrx_word' id='word_1_3' title='bbox 1118 341 1170 368; x_wconf 79' lang='lat' dir='ltr'>DE</span> <span class='ocrx_word' id='word_1_4' title='bbox 1202 342 1397 370; x_wconf 76' lang='lat' dir='ltr'>CARNEIs.</span> 
     </span>
    </p>
   </div>
   <div class='ocr_carea' id='block_1_2' title="bbox 433 442 2066 2918">
    <p class='ocr_par' dir='ltr' id='par_1_2' title="bbox 440 442 2066 652">
     <span class='ocr_line' id='line_1_2' title="bbox 441 442 2064 505; baseline 0.006 -19"><span class='ocrx_word' id='word_1_5' title='bbox 441 450 673 490; x_wconf 73' lang='lat' dir='ltr'>accedebat</span> <span class='ocrx_word' id='word_1_6' title='bbox 703 454 872 501; x_wconf 88' lang='lat' dir='ltr'>Apollo,</span> <span class='ocrx_word' id='word_1_7' title='bbox 908 465 1037 501; x_wconf 86' lang='lat' dir='ltr'>quem</span> <span class='ocrx_word' id='word_1_8' title='bbox 1070 457 1175 494; x_wconf 87' lang='lat' dir='ltr'>item</span> <span class='ocrx_word' id='word_1_9' title='bbox 1203 457 1245 494; x_wconf 93' lang='lat' dir='ltr'>in</span> <span class='ocrx_word' id='word_1_10' title='bbox 1273 442 1450 495; x_wconf 83' lang='lat' dir='ltr'>Carneis</span> <span class='ocrx_word' id='word_1_11' title='bbox 1477 460 1641 505; x_wconf 87' lang='lat' dir='ltr'>partes,</span> <span class='ocrx_word' id='word_1_12' title='bbox 1671 467 1809 504; x_wconf 82' lang='lat' dir='ltr'>neque</span> <span class='ocrx_word' id='word_1_13' title='bbox 1837 457 2064 504; x_wconf 88' lang='lat' dir='ltr'>minimas,</span> 
     </span>
     <span class='ocr_line' id='line_1_3' title="bbox 441 527 2066 579; baseline 0.004 -17"><span class='ocrx_word' id='word_1_14' title='bbox 441 527 583 572; x_wconf 80' lang='lat' dir='ltr'>egisse</span> <span class='ocrx_word' id='word_1_15' title='bbox 629 528 716 565; x_wconf 87' lang='lat' dir='ltr'>iarn</span> <span class='ocrx_word' id='word_1_16' title='bbox 766 529 1023 568; x_wconf 78' lang='lat' dir='ltr'>videbimus</span> <span class='ocrx_word' id='word_1_17' title='bbox 1066 531 1232 569; x_wconf 86' lang='lat' dir='ltr'>Iterum</span> <span class='ocrx_word' id='word_1_18' title='bbox 1277 532 1418 571; x_wconf 80' lang='lat' dir='ltr'>citabo</span> <span class='ocrx_word' id='word_1_19' title='bbox 1460 533 1721 570; x_wconf 78' lang='lat' dir='ltr'>Pausaniam</span> <span class='ocrx_word' id='word_1_20' title='bbox 1768 533 1861 579; x_wconf 87' lang='grc' dir='ltr'>(ΙΙΙ,</span> <span class='ocrx_word' id='word_1_21' title='bbox 1912 533 1980 579; x_wconf 78' lang='lat'>13,</span> <span class='ocrx_word' id='word_1_22' title='bbox 2025 532 2066 576; x_wconf 87' lang='grc'>3)</span> 
     </span>
     <span class='ocr_line' id='line_1_4' title="bbox 440 601 1160 652; baseline 0.007 -14"><span class='ocrx_word' id='word_1_23' title='bbox 440 601 515 639; x_wconf 90' lang='lat' dir='ltr'>sed</span> <span class='ocrx_word' id='word_1_24' title='bbox 547 612 662 640; x_wconf 87' lang='lat' dir='ltr'>nunc</span> <span class='ocrx_word' id='word_1_25' title='bbox 696 604 840 642; x_wconf 91' lang='lat' dir='ltr'>verbis</span> <span class='ocrx_word' id='word_1_26' title='bbox 872 604 1160 652; x_wconf 85' lang='lat' dir='ltr'>plenioribus:</span> 
     </span>
    </p>

    <p class='ocr_par' dir='ltr' id='par_1_3' title="bbox 436 674 2064 1410">
     <span class='ocr_line' id='line_1_5' title="bbox 502 674 2063 735; baseline 0.003 -21"><span class='ocrx_word' id='word_1_27' title='bbox 502 674 548 725; x_wconf 52' lang='grc' dir='ltr'>ἢὸ</span> <span class='ocrx_word' id='word_1_28' title='bbox 592 675 634 715; x_wconf 76' lang='grc' dir='ltr'>δὲ</span> <span class='ocrx_word' id='word_1_29' title='bbox 676 678 892 728; x_wconf 82' lang='grc' dir='ltr'><em>Κάρνειος,</em></span> <span class='ocrx_word' id='word_1_30' title='bbox 922 676 967 717; x_wconf 86' lang='grc' dir='ltr'><em>ὃν</em></span> <span class='ocrx_word' id='word_1_31' title='bbox 1004 679 1170 718; x_wconf 79' lang='grc' dir='ltr'><em>Οἰκέταν</em></span> <span class='ocrx_word' id='word_1_32' title='bbox 1204 680 1514 730; x_wconf 77' lang='grc' dir='ltr'><em>ἐπονομάζουσι,</em></span> <span class='ocrx_word' id='word_1_33' title='bbox 1547 681 1658 731; x_wconf 83' lang='grc' dir='ltr'><em>τιμὰς</em></span> <span class='ocrx_word' id='word_1_34' title='bbox 1691 678 1791 731; x_wconf 85' lang='grc' dir='ltr'><em>εἶχεν</em></span> <span class='ocrx_word' id='word_1_35' title='bbox 1823 682 1864 720; x_wconf 85' lang='grc' dir='ltr'><em>ἐν</em></span> <span class='ocrx_word' id='word_1_36' title='bbox 1896 681 2063 735; x_wconf 77' lang='grc' dir='ltr'><em>Σπάρτῃ</em></span> 
     </span>
     <span class='ocr_line' id='line_1_6' title="bbox 439 750 2063 810; baseline 0.004 -21"><span class='ocrx_word' id='word_1_37' title='bbox 439 751 505 789; x_wconf 88' lang='grc' dir='ltr'>καὶ</span> <span class='ocrx_word' id='word_1_38' title='bbox 547 752 641 802; x_wconf 87' lang='grc' dir='ltr'><em>πρὶν</em></span> <span class='ocrx_word' id='word_1_39' title='bbox 675 750 936 803; x_wconf 46' lang='grc' dir='ltr'><em>(Ηρακλείδας</em></span> <span class='ocrx_word' id='word_1_40' title='bbox 978 760 1205 805; x_wconf 75' lang='grc' dir='ltr'><em>κατελθεῖν,</em></span> <span class='ocrx_word' id='word_1_41' title='bbox 1247 757 1382 807; x_wconf 79' lang='grc' dir='ltr'><em>ἵδρυτο</em></span> <span class='ocrx_word' id='word_1_42' title='bbox 1416 755 1458 795; x_wconf 81' lang='grc' dir='ltr'>δὲ</span> <span class='ocrx_word' id='word_1_43' title='bbox 1489 756 1530 795; x_wconf 84' lang='grc' dir='ltr'><em>ἐν</em></span> <span class='ocrx_word' id='word_1_44' title='bbox 1564 757 1668 810; x_wconf 77' lang='grc' dir='ltr'><em>οἰκίςι</em></span> <span class='ocrx_word' id='word_1_45' title='bbox 1703 758 1830 806; x_wconf 89' lang='grc' dir='ltr'><em>Κρίου</em></span> <span class='ocrx_word' id='word_1_46' title='bbox 1863 763 1932 796; x_wconf 84' lang='grc' dir='ltr'>τοῦ</span> <span class='ocrx_word' id='word_1_47' title='bbox 1969 758 2063 795; x_wconf 89' lang='grc' dir='ltr'><em>Θεο-</em></span> 
     </span>
     <span class='ocr_line' id='line_1_7' title="bbox 438 826 2062 882; baseline 0.004 -18"><span class='ocrx_word' id='word_1_48' title='bbox 438 826 576 873; x_wconf 80' lang='grc' dir='ltr'><em>κλέους</em></span> <span class='ocrx_word' id='word_1_49' title='bbox 617 826 765 878; x_wconf 79' lang='grc' dir='ltr'><em>ἀνδρὸς</em></span> <span class='ocrx_word' id='word_1_50' title='bbox 807 830 991 879; x_wconf 87' lang='grc' dir='ltr'><em>μάντεως.</em></span> <span class='ocrx_word' id='word_1_51' title='bbox 1037 832 1237 881; x_wconf 79' lang='grc' dir='ltr'><em>Κάρνειον</em></span> <span class='ocrx_word' id='word_1_52' title='bbox 1281 830 1322 869; x_wconf 80' lang='grc' dir='ltr'>δὲ</span> <span class='ocrx_word' id='word_1_53' title='bbox 1364 832 1589 870; x_wconf 85' lang='grc' dir='ltr'><em>Ἀπόλλωνα</em></span> <span class='ocrx_word' id='word_1_54' title='bbox 1632 835 1829 881; x_wconf 78' lang='grc' dir='ltr'><em>Δωριεῦσι</em></span> <span class='ocrx_word' id='word_1_55' title='bbox 1872 830 1943 882; x_wconf 82' lang='grc' dir='ltr'><em>μὲν</em></span> <span class='ocrx_word' id='word_1_56' title='bbox 1983 835 2062 878; x_wconf 85' lang='grc' dir='ltr'><em>τοῖς</em></span> 
     </span>
     <span class='ocr_line' id='line_1_8' title="bbox 437 902 2062 959; baseline 0.004 -21"><span class='ocrx_word' id='word_1_57' title='bbox 437 907 531 939; x_wconf 79' lang='grc' dir='ltr'><em>πᾶσι</em></span> <span class='ocrx_word' id='word_1_58' title='bbox 579 902 769 953; x_wconf 78' lang='grc' dir='ltr'><em>σέβεσθαι</em></span> <span class='ocrx_word' id='word_1_59' title='bbox 809 905 1056 955; x_wconf 81' lang='grc' dir='ltr'><em>καθέστηκεν</em></span> <span class='ocrx_word' id='word_1_60' title='bbox 1097 905 1175 944; x_wconf 80' lang='grc' dir='ltr'>ἀπὸ</span> <span class='ocrx_word' id='word_1_61' title='bbox 1218 907 1382 958; x_wconf 81' lang='grc' dir='ltr'><em>Κάρνου</em></span> <span class='ocrx_word' id='word_1_62' title='bbox 1423 906 1536 959; x_wconf 79' lang='grc' dir='ltr'><em>γένος</em></span> <span class='ocrx_word' id='word_1_63' title='bbox 1578 907 1616 954; x_wconf 78' lang='grc' dir='ltr'>ἐξ</span> <span class='ocrx_word' id='word_1_64' title='bbox 1661 908 1921 958; x_wconf 73' lang='grc' dir='ltr'><em>Ἀκαρνανίας</em></span> <span class='ocrx_word' id='word_1_65' title='bbox 1963 922 2062 956; x_wconf 89' lang='grc' dir='ltr'><em>μαν-</em></span> 
     </span>
     <span class='ocr_line' id='line_1_9' title="bbox 437 976 2063 1034; baseline 0.004 -20"><span class='ocrx_word' id='word_1_66' title='bbox 437 976 651 1026; x_wconf 85' lang='grc' dir='ltr'><em>τευομένου</em></span> <span class='ocrx_word' id='word_1_67' title='bbox 696 977 738 1016; x_wconf 79' lang='grc' dir='ltr'>δὲ</span> <span class='ocrx_word' id='word_1_68' title='bbox 779 978 817 1026; x_wconf 80' lang='grc' dir='ltr'>ἐξ</span> <span class='ocrx_word' id='word_1_69' title='bbox 860 982 1126 1028; x_wconf 85' lang='grc' dir='ltr'><em>Ἀπόλλωνος·</em></span> <span class='ocrx_word' id='word_1_70' title='bbox 1170 988 1309 1021; x_wconf 84' lang='grc' dir='ltr'><em>τοῦτον</em></span> <span class='ocrx_word' id='word_1_71' title='bbox 1351 981 1423 1034; x_wconf 81' lang='grc' dir='ltr'>γὰρ</span> <span class='ocrx_word' id='word_1_72' title='bbox 1461 983 1529 1021; x_wconf 89' lang='grc' dir='ltr'>τὸν</span> <span class='ocrx_word' id='word_1_73' title='bbox 1562 982 1726 1033; x_wconf 80' lang='grc' dir='ltr'><em>Κάρνον</em></span> <span class='ocrx_word' id='word_1_74' title='bbox 1759 981 2063 1028; x_wconf 81' lang='grc' dir='ltr'><em>ἀποκτείναντος</em></span> 
     </span>
     <span class='ocr_line' id='line_1_10' title="bbox 443 1052 2064 1109; baseline 0.004 -20"><span class='ocrx_word' id='word_1_75' title='bbox 443 1052 616 1091; x_wconf 83' lang='grc' dir='ltr'><em>Ιππότου</em></span> <span class='ocrx_word' id='word_1_76' title='bbox 664 1060 732 1092; x_wconf 87' lang='grc' dir='ltr'>τοῦ</span> <span class='ocrx_word' id='word_1_77' title='bbox 785 1056 993 1102; x_wconf 83' lang='grc' dir='ltr'><em>Φύλαντος</em></span> <span class='ocrx_word' id='word_1_78' title='bbox 1041 1055 1223 1095; x_wconf 81' lang='grc' dir='ltr'><em>ἐνέπεσεν</em></span> <span class='ocrx_word' id='word_1_79' title='bbox 1272 1057 1309 1104; x_wconf 83' lang='grc' dir='ltr'><em>ἐς</em></span> <span class='ocrx_word' id='word_1_80' title='bbox 1347 1058 1389 1096; x_wconf 91' lang='grc' dir='ltr'>τὸ</span> <span class='ocrx_word' id='word_1_81' title='bbox 1433 1058 1699 1108; x_wconf 80' lang='grc' dir='ltr'><em>στρατόπεδον</em></span> <span class='ocrx_word' id='word_1_82' title='bbox 1742 1062 1821 1104; x_wconf 88' lang='grc' dir='ltr'><em>τοῖς</em></span> <span class='ocrx_word' id='word_1_83' title='bbox 1864 1062 2064 1109; x_wconf 86' lang='grc' dir='ltr'><em>Δωριεῦσι</em></span> 
     </span>
     <span class='ocr_line' id='line_1_11' title="bbox 438 1127 2062 1188; baseline 0.004 -23"><span class='ocrx_word' id='word_1_84' title='bbox 438 1127 592 1177; x_wconf 85' lang='grc' dir='ltr'><em>μήνιμα</em></span> <span class='ocrx_word' id='word_1_85' title='bbox 649 1130 910 1177; x_wconf 71' lang='grc' dir='ltr'><em>Ἀπόλλωνος,</em></span> <span class='ocrx_word' id='word_1_86' title='bbox 967 1131 1033 1169; x_wconf 81' lang='grc' dir='ltr'>καὶ</span> <span class='ocrx_word' id='word_1_87' title='bbox 1082 1129 1271 1183; x_wconf 82' lang='grc' dir='ltr'><em>Ἱππότης</em></span> <span class='ocrx_word' id='word_1_88' title='bbox 1328 1148 1367 1172; x_wconf 85' lang='grc' dir='ltr'>τε</span> <span class='ocrx_word' id='word_1_89' title='bbox 1420 1133 1567 1185; x_wconf 78' lang='grc' dir='ltr'><em>ἔφυγεν</em></span> <span class='ocrx_word' id='word_1_90' title='bbox 1625 1133 1687 1172; x_wconf 81' lang='grc' dir='ltr'>ἐπὶ</span> <span class='ocrx_word' id='word_1_91' title='bbox 1738 1140 1788 1187; x_wconf 79' lang='grc' dir='ltr'>τῷ</span> <span class='ocrx_word' id='word_1_92' title='bbox 1837 1133 1949 1188; x_wconf 81' lang='grc' dir='ltr'><em>φόνῳ</em></span> <span class='ocrx_word' id='word_1_93' title='bbox 1995 1132 2062 1172; x_wconf 84' lang='grc' dir='ltr'>καὶ</span> 
     </span>
     <span class='ocr_line' id='line_1_12' title="bbox 438 1203 2063 1259; baseline 0.004 -19"><span class='ocrx_word' id='word_1_94' title='bbox 438 1206 662 1254; x_wconf 85' lang='grc' dir='ltr'><em>Δωριεῦσιν</em></span> <span class='ocrx_word' id='word_1_95' title='bbox 704 1203 784 1244; x_wconf 83' lang='grc' dir='ltr'>ἀπὸ</span> <span class='ocrx_word' id='word_1_96' title='bbox 827 1209 970 1246; x_wconf 87' lang='grc' dir='ltr'><em>τούτου</em></span> <span class='ocrx_word' id='word_1_97' title='bbox 1013 1208 1080 1246; x_wconf 86' lang='grc' dir='ltr'>τὸν</span> <span class='ocrx_word' id='word_1_98' title='bbox 1114 1213 1332 1257; x_wconf 79' lang='grc' dir='ltr'><em>Ἀκαρνᾶνα</em></span> <span class='ocrx_word' id='word_1_99' title='bbox 1364 1210 1507 1259; x_wconf 81' lang='grc' dir='ltr'><em>μάντιν</em></span> <span class='ocrx_word' id='word_1_100' title='bbox 1539 1208 1786 1258; x_wconf 84' lang='grc' dir='ltr'><em>καθέστηκεν</em></span> <span class='ocrx_word' id='word_1_101' title='bbox 1818 1208 2063 1247; x_wconf 82' lang='grc' dir='ltr'><em>ἱλάσκεσθαι.</em></span> 
     </span>
     <span class='ocr_line' id='line_1_13' title="bbox 437 1276 2060 1334; baseline 0.004 -19"><span class='ocrx_word' id='word_1_102' title='bbox 437 1276 534 1316; x_wconf 80' lang='grc' dir='ltr'><em>ἀλλὰ</em></span> <span class='ocrx_word' id='word_1_103' title='bbox 576 1278 649 1330; x_wconf 74' lang='grc' dir='ltr'>γὰρ</span> <span class='ocrx_word' id='word_1_104' title='bbox 693 1282 1030 1331; x_wconf 79' lang='grc' dir='ltr'><em>Λακεδαιμονίοις</em></span> <span class='ocrx_word' id='word_1_105' title='bbox 1075 1283 1144 1334; x_wconf 85' lang='grc' dir='ltr'>οὐχ</span> <span class='ocrx_word' id='word_1_106' title='bbox 1187 1279 1302 1330; x_wconf 80' lang='grc' dir='ltr'><em>οὗτος</em></span> <span class='ocrx_word' id='word_1_107' title='bbox 1344 1282 1363 1323; x_wconf 85' lang='grc' dir='ltr'>ὁ</span> <span class='ocrx_word' id='word_1_108' title='bbox 1404 1283 1565 1330; x_wconf 80' lang='grc' dir='ltr'><em>Οἰκέτας</em></span> <span class='ocrx_word' id='word_1_109' title='bbox 1609 1283 1687 1322; x_wconf 82' lang='grc' dir='ltr'><em>ἐστὶ</em></span> <span class='ocrx_word' id='word_1_110' title='bbox 1720 1286 1933 1334; x_wconf 68' lang='grc' dir='ltr'><em>Κάρνειος,</em></span> <span class='ocrx_word' id='word_1_111' title='bbox 1965 1281 1984 1322; x_wconf 86' lang='grc' dir='ltr'><em>ὅ</em></span> <span class='ocrx_word' id='word_1_112' title='bbox 2019 1281 2060 1322; x_wconf 80' lang='grc' dir='ltr'>δὲ</span> 
     </span>
     <span class='ocr_line' id='line_1_14' title="bbox 436 1352 2061 1410; baseline 0.004 -19"><span class='ocrx_word' id='word_1_113' title='bbox 436 1352 478 1391; x_wconf 76' lang='grc' dir='ltr'><em>ἓν</em></span> <span class='ocrx_word' id='word_1_114' title='bbox 520 1361 590 1393; x_wconf 90' lang='grc' dir='ltr'>τοῦ</span> <span class='ocrx_word' id='word_1_115' title='bbox 623 1356 796 1404; x_wconf 85' lang='grc' dir='ltr'><em>μάντεως</em></span> <span class='ocrx_word' id='word_1_116' title='bbox 830 1357 958 1408; x_wconf 84' lang='grc' dir='ltr'><em>Κρίου</em></span> <span class='ocrx_word' id='word_1_117' title='bbox 991 1359 1208 1408; x_wconf 84' lang='grc' dir='ltr'><em>τιμώμενος</em></span> <span class='ocrx_word' id='word_1_118' title='bbox 1248 1364 1405 1410; x_wconf 79' lang='grc' dir='ltr'><em>Ἀχαιῶν</em></span> <span class='ocrx_word' id='word_1_119' title='bbox 1437 1358 1491 1397; x_wconf 75' lang='grc' dir='ltr'>ἔτι</span> <span class='ocrx_word' id='word_1_120' title='bbox 1522 1358 1691 1410; x_wconf 80' lang='grc' dir='ltr'><em>ἐχόντων</em></span> <span class='ocrx_word' id='word_1_121' title='bbox 1723 1359 1793 1409; x_wconf 85' lang='grc' dir='ltr'>τὴν</span> <span class='ocrx_word' id='word_1_122' title='bbox 1825 1361 2061 1410; x_wconf 87' lang='grc' dir='ltr'><em>Σπάρτην”.</em></span> 
     </span>
    </p>

    <p class='ocr_par' dir='ltr' id='par_1_4' title="bbox 436 1430 2061 1943">
     <span class='ocr_line' id='line_1_15' title="bbox 493 1430 2060 1484; baseline 0.004 -16"><span class='ocrx_word' id='word_1_123' title='bbox 493 1430 706 1470; x_wconf 86' lang='lat' dir='ltr'>Distincte</span> <span class='ocrx_word' id='word_1_124' title='bbox 754 1433 823 1472; x_wconf 90' lang='lat' dir='ltr'>hic</span> <span class='ocrx_word' id='word_1_125' title='bbox 869 1434 1109 1473; x_wconf 79' lang='lat' dir='ltr'>Pausanias</span> <span class='ocrx_word' id='word_1_126' title='bbox 1157 1438 1332 1483; x_wconf 88' lang='lat' dir='ltr'>separat</span> <span class='ocrx_word' id='word_1_127' title='bbox 1378 1435 1593 1474; x_wconf 87' lang='lat' dir='ltr'>Carneum</span> <span class='ocrx_word' id='word_1_128' title='bbox 1638 1437 1863 1484; x_wconf 87' lang='lat' dir='ltr'>Oecetam,</span> <span class='ocrx_word' id='word_1_129' title='bbox 1907 1436 1979 1483; x_wconf 87' lang='lat' dir='ltr'>qui</span> <span class='ocrx_word' id='word_1_130' title='bbox 2018 1437 2060 1474; x_wconf 92' lang='lat' dir='ltr'>in</span> 
     </span>
     <span class='ocr_line' id='line_1_16' title="bbox 439 1504 2061 1550; baseline 0.004 -7"><span class='ocrx_word' id='word_1_131' title='bbox 439 1508 555 1545; x_wconf 87' lang='lat' dir='ltr'>vatis</span> <span class='ocrx_word' id='word_1_132' title='bbox 602 1504 691 1546; x_wconf 74' lang='lat' dir='ltr'>Crz’z&#39;</span> <span class='ocrx_word' id='word_1_133' title='bbox 731 1509 930 1548; x_wconf 78' lang='lat' dir='ltr'>Theoclis</span> <span class='ocrx_word' id='word_1_134' title='bbox 971 1510 1049 1549; x_wconf 86' lang='lat' dir='ltr'>filii</span> <span class='ocrx_word' id='word_1_135' title='bbox 1086 1513 1264 1550; x_wconf 88' lang='lat' dir='ltr'>aedibus</span> <span class='ocrx_word' id='word_1_136' title='bbox 1299 1512 1500 1550; x_wconf 85' lang='lat' dir='ltr'>habitans</span> <span class='ocrx_word' id='word_1_137' title='bbox 1533 1513 1585 1550; x_wconf 88' lang='lat' dir='ltr'>ab</span> <span class='ocrx_word' id='word_1_138' title='bbox 1619 1512 1791 1549; x_wconf 59' lang='lat' dir='ltr'>Achaei&lt;</span> <span class='ocrx_word' id='word_1_139' title='bbox 1823 1512 2061 1550; x_wconf 87' lang='lat' dir='ltr'>Laconicae</span> 
     </span>
     <span class='ocr_line' id='line_1_17' title="bbox 440 1583 2059 1636; baseline 0.003 -17"><span class='ocrx_word' id='word_1_140' title='bbox 440 1583 627 1621; x_wconf 89' lang='lat' dir='ltr'>dominis</span> <span class='ocrx_word' id='word_1_141' title='bbox 670 1586 992 1632; x_wconf 78' lang='lat' dir='ltr'>antiquissimis</span> <span class='ocrx_word' id='word_1_142' title='bbox 1033 1588 1266 1635; x_wconf 83' lang='lat' dir='ltr'>colebatur,</span> <span class='ocrx_word' id='word_1_143' title='bbox 1302 1600 1326 1626; x_wconf 87' lang='lat' dir='ltr'>a</span> <span class='ocrx_word' id='word_1_144' title='bbox 1363 1586 1524 1626; x_wconf 55' lang='lat' dir='ltr'>(ss&#39;arneo</span> <span class='ocrx_word' id='word_1_145' title='bbox 1557 1589 1744 1636; x_wconf 76' lang='lat' dir='ltr'>Apolline</span> <span class='ocrx_word' id='word_1_146' title='bbox 1776 1588 1854 1626; x_wconf 85' lang='lat' dir='ltr'>deo</span> <span class='ocrx_word' id='word_1_147' title='bbox 1889 1585 2059 1625; x_wconf 78' lang='lat' dir='ltr'>Dorien-</span> 
     </span>
     <span class='ocr_line' id='line_1_18' title="bbox 436 1658 2060 1712; baseline 0.002 -16"><span class='ocrx_word' id='word_1_148' title='bbox 436 1658 550 1697; x_wconf 73' lang='lat' dir='ltr'>sibus</span> <span class='ocrx_word' id='word_1_149' title='bbox 576 1670 715 1708; x_wconf 88' lang='lat' dir='ltr'>sacro,</span> <span class='ocrx_word' id='word_1_150' title='bbox 745 1662 817 1708; x_wconf 87' lang='lat' dir='ltr'>qui</span> <span class='ocrx_word' id='word_1_151' title='bbox 843 1662 975 1700; x_wconf 89' lang='lat' dir='ltr'>simul</span> <span class='ocrx_word' id='word_1_152' title='bbox 999 1673 1097 1701; x_wconf 85' lang='lat' dir='ltr'>cum</span> <span class='ocrx_word' id='word_1_153' title='bbox 1126 1663 1370 1702; x_wconf 81' lang='lat' dir='ltr'>Heraclidis</span> <span class='ocrx_word' id='word_1_154' title='bbox 1396 1665 1439 1702; x_wconf 92' lang='lat' dir='ltr'>in</span> <span class='ocrx_word' id='word_1_155' title='bbox 1464 1664 1811 1712; x_wconf 84' lang='lat' dir='ltr'>Peloponnesum</span> <span class='ocrx_word' id='word_1_156' title='bbox 1834 1663 2060 1710; x_wconf 87' lang='lat' dir='ltr'>ingressus</span> 
     </span>
     <span class='ocr_line' id='line_1_19' title="bbox 439 1733 2059 1786; baseline 0.002 -16"><span class='ocrx_word' id='word_1_157' title='bbox 439 1733 489 1770; x_wconf 88' lang='lat' dir='ltr'>ob</span> <span class='ocrx_word' id='word_1_158' title='bbox 523 1733 652 1772; x_wconf 87' lang='lat' dir='ltr'>Carni</span> <span class='ocrx_word' id='word_1_159' title='bbox 684 1736 797 1774; x_wconf 89' lang='lat' dir='ltr'>vatis</span> <span class='ocrx_word' id='word_1_160' title='bbox 829 1738 895 1774; x_wconf 94' lang='lat' dir='ltr'>sui</span> <span class='ocrx_word' id='word_1_161' title='bbox 930 1740 1116 1776; x_wconf 85' lang='lat' dir='ltr'>mortem</span> <span class='ocrx_word' id='word_1_162' title='bbox 1152 1741 1305 1786; x_wconf 82' lang='lat' dir='ltr'>postea</span> <span class='ocrx_word' id='word_1_163' title='bbox 1331 1749 1352 1777; x_wconf 87' lang='lat' dir='ltr'>a</span> <span class='ocrx_word' id='word_1_164' title='bbox 1381 1738 1661 1777; x_wconf 82' lang='lat' dir='ltr'>Doriensibus</span> <span class='ocrx_word' id='word_1_165' title='bbox 1688 1738 1850 1786; x_wconf 86' lang='lat' dir='ltr'>placari</span> <span class='ocrx_word' id='word_1_166' title='bbox 1877 1736 2059 1776; x_wconf 80' lang='lat' dir='ltr'>solebat.</span> 
     </span>
     <span class='ocr_line' id='line_1_20' title="bbox 439 1808 2060 1863; baseline 0.002 -17"><span class='ocrx_word' id='word_1_167' title='bbox 439 1808 582 1846; x_wconf 90' lang='lat' dir='ltr'>Monet</span> <span class='ocrx_word' id='word_1_168' title='bbox 625 1820 704 1848; x_wconf 92' lang='lat' dir='ltr'>nos</span> <span class='ocrx_word' id='word_1_169' title='bbox 747 1812 992 1859; x_wconf 83' lang='lat' dir='ltr'>iterumque</span> <span class='ocrx_word' id='word_1_170' title='bbox 1035 1816 1184 1852; x_wconf 88' lang='lat' dir='ltr'>monet</span> <span class='ocrx_word' id='word_1_171' title='bbox 1216 1814 1454 1852; x_wconf 82' lang='lat' dir='ltr'>Pausanias</span> <span class='ocrx_word' id='word_1_172' title='bbox 1487 1825 1539 1852; x_wconf 92' lang='lat' dir='ltr'>ne</span> <span class='ocrx_word' id='word_1_173' title='bbox 1574 1815 1771 1863; x_wconf 57' lang='grc' dir='ltr'><em>Κάρνειον</em></span> <span class='ocrx_word' id='word_1_174' title='bbox 1804 1812 2060 1861; x_wconf 88' lang='lat' dir='ltr'>cognomine</span> 
     </span>
     <span class='ocr_line' id='line_1_21' title="bbox 440 1883 1862 1943; baseline 0.006 -24"><span class='ocrx_word' id='word_1_175' title='bbox 440 1883 602 1922; x_wconf 73' lang='grc' dir='ltr'><em>Οἰκέτου</em></span> <span class='ocrx_word' id='word_1_176' title='bbox 635 1887 901 1934; x_wconf 82' lang='lat' dir='ltr'>appellatum</span> <span class='ocrx_word' id='word_1_177' title='bbox 936 1898 1035 1926; x_wconf 89' lang='lat' dir='ltr'>cum</span> <span class='ocrx_word' id='word_1_178' title='bbox 1072 1888 1250 1943; x_wconf 71' lang='grc' dir='ltr'><em>Καρνείῳ</em></span> <span class='ocrx_word' id='word_1_179' title='bbox 1286 1889 1497 1927; x_wconf 72' lang='grc' dir='ltr'><em>Ἀπόλλωνι</em></span> <span class='ocrx_word' id='word_1_180' title='bbox 1529 1890 1862 1928; x_wconf 86' lang='lat' dir='ltr'>confundamus.</span> 
     </span>
    </p>

    <p class='ocr_par' dir='ltr' id='par_1_5' title="bbox 433 1960 2064 2918">
     <span class='ocr_line' id='line_1_22' title="bbox 493 1960 2058 2014; baseline 0.002 -17"><span class='ocrx_word' id='word_1_181' title='bbox 493 1960 586 1998; x_wconf 83' lang='lat' dir='ltr'>Iam</span> <span class='ocrx_word' id='word_1_182' title='bbox 620 1962 772 2001; x_wconf 88' lang='lat' dir='ltr'>statim</span> <span class='ocrx_word' id='word_1_183' title='bbox 801 1963 1101 2011; x_wconf 85' lang='lat' dir='ltr'>intellegimus</span> <span class='ocrx_word' id='word_1_184' title='bbox 1130 1964 1309 2012; x_wconf 85' lang='lat' dir='ltr'>Spartae</span> <span class='ocrx_word' id='word_1_185' title='bbox 1336 1965 1499 2004; x_wconf 84' lang='lat' dir='ltr'>factam</span> <span class='ocrx_word' id='word_1_186' title='bbox 1528 1975 1624 2004; x_wconf 89' lang='lat' dir='ltr'>esse</span> <span class='ocrx_word' id='word_1_187' title='bbox 1652 1969 1758 2002; x_wconf 75' lang='grc' dir='ltr'><em>θεῶν</em></span> <span class='ocrx_word' id='word_1_188' title='bbox 1781 1965 2011 2014; x_wconf 72' lang='grc' dir='ltr'><em>σύγκρασιν,</em></span> <span class='ocrx_word' id='word_1_189' title='bbox 2031 1961 2058 2008; x_wconf 92' lang='grc'>1)</span> 
     </span>
     <span class='ocr_line' id='line_1_23' title="bbox 435 2036 2060 2089; baseline 0.002 -17"><span class='ocrx_word' id='word_1_190' title='bbox 435 2036 560 2074; x_wconf 87' lang='lat' dir='ltr'>cuius</span> <span class='ocrx_word' id='word_1_191' title='bbox 592 2038 793 2085; x_wconf 81' lang='lat' dir='ltr'>exempla</span> <span class='ocrx_word' id='word_1_192' title='bbox 825 2044 1028 2078; x_wconf 84' lang='lat' dir='ltr'>sescenta</span> <span class='ocrx_word' id='word_1_193' title='bbox 1059 2041 1237 2088; x_wconf 87' lang='lat' dir='ltr'>praebet</span> <span class='ocrx_word' id='word_1_194' title='bbox 1263 2041 1535 2089; x_wconf 85' lang='lat' dir='ltr'>mythologia</span> <span class='ocrx_word' id='word_1_195' title='bbox 1561 2042 1757 2088; x_wconf 87' lang='lat' dir='ltr'>antiqua;</span> <span class='ocrx_word' id='word_1_196' title='bbox 1785 2041 1914 2079; x_wconf 90' lang='lat' dir='ltr'>deum</span> <span class='ocrx_word' id='word_1_197' title='bbox 1941 2040 2060 2077; x_wconf 82' lang='lat' dir='ltr'>enini</span> 
     </span>
     <span class='ocr_line' id='line_1_24' title="bbox 436 2111 2059 2163; baseline 0.002 -15"><span class='ocrx_word' id='word_1_198' title='bbox 436 2111 682 2159; x_wconf 87' lang='lat' dir='ltr'>Apollinem</span> <span class='ocrx_word' id='word_1_199' title='bbox 724 2114 768 2151; x_wconf 88' lang='lat' dir='ltr'>in</span> <span class='ocrx_word' id='word_1_200' title='bbox 811 2113 963 2153; x_wconf 88' lang='lat' dir='ltr'>Carnei</span> <span class='ocrx_word' id='word_1_201' title='bbox 1000 2115 1226 2154; x_wconf 88' lang='lat' dir='ltr'>daemonis</span> <span class='ocrx_word' id='word_1_202' title='bbox 1259 2117 1425 2154; x_wconf 84' lang='lat' dir='ltr'>cultum</span> <span class='ocrx_word' id='word_1_203' title='bbox 1458 2117 1708 2154; x_wconf 91' lang='lat' dir='ltr'>insinuasse</span> <span class='ocrx_word' id='word_1_204' title='bbox 1740 2126 1787 2155; x_wconf 90' lang='lat' dir='ltr'>se</span> <span class='ocrx_word' id='word_1_205' title='bbox 1820 2117 1947 2163; x_wconf 89' lang='lat' dir='ltr'>atque</span> <span class='ocrx_word' id='word_1_206' title='bbox 1979 2115 2059 2162; x_wconf 81' lang='lat' dir='ltr'>ita,</span> 
     </span>
     <span class='ocr_line' id='line_1_25' title="bbox 437 2187 2062 2240; baseline 0.002 -16"><span class='ocrx_word' id='word_1_207' title='bbox 437 2190 483 2225; x_wconf 86' lang='lat' dir='ltr'>ut</span> <span class='ocrx_word' id='word_1_208' title='bbox 530 2187 683 2227; x_wconf 89' lang='lat' dir='ltr'>Carnei</span> <span class='ocrx_word' id='word_1_209' title='bbox 730 2200 889 2228; x_wconf 88' lang='lat' dir='ltr'>nomen</span> <span class='ocrx_word' id='word_1_210' title='bbox 932 2191 1014 2229; x_wconf 88' lang='lat' dir='ltr'>sibi</span> <span class='ocrx_word' id='word_1_211' title='bbox 1060 2194 1305 2230; x_wconf 86' lang='lat' dir='ltr'>assumeret</span> <span class='ocrx_word' id='word_1_212' title='bbox 1346 2192 1595 2239; x_wconf 86' lang='lat' dir='ltr'>festumque</span> <span class='ocrx_word' id='word_1_213' title='bbox 1644 2194 1795 2240; x_wconf 88' lang='lat' dir='ltr'>postea</span> <span class='ocrx_word' id='word_1_214' title='bbox 1837 2190 2062 2230; x_wconf 88' lang='lat' dir='ltr'>daemonis</span> 
     </span>
     <span class='ocr_line' id='line_1_26' title="bbox 435 2263 2062 2316; baseline 0.002 -16"><span class='ocrx_word' id='word_1_215' title='bbox 435 2263 697 2310; x_wconf 77' lang='lat' dir='ltr'>appellativo</span> <span class='ocrx_word' id='word_1_216' title='bbox 738 2266 1014 2304; x_wconf 90' lang='lat' dir='ltr'>indicaretur.</span> <span class='ocrx_word' id='word_1_217' title='bbox 1057 2267 1177 2305; x_wconf 85' lang='lat' dir='ltr'>Idem</span> <span class='ocrx_word' id='word_1_218' title='bbox 1219 2268 1368 2306; x_wconf 89' lang='lat' dir='ltr'>evenit</span> <span class='ocrx_word' id='word_1_219' title='bbox 1399 2268 1612 2316; x_wconf 55' lang='lat' dir='ltr'>Amycum,</span> <span class='ocrx_word' id='word_1_220' title='bbox 1648 2267 1720 2306; x_wconf 88' lang='lat' dir='ltr'>ubi</span> <span class='ocrx_word' id='word_1_221' title='bbox 1752 2268 1878 2305; x_wconf 88' lang='lat' dir='ltr'>deum</span> <span class='ocrx_word' id='word_1_222' title='bbox 1914 2266 2062 2304; x_wconf 87' lang='lat' dir='ltr'>chtho-</span> 
     </span>
     <span class='ocr_line' id='line_1_27' title="bbox 437 2338 2064 2390; baseline 0.002 -15"><span class='ocrx_word' id='word_1_223' title='bbox 437 2338 558 2376; x_wconf 88' lang='lat' dir='ltr'>nium</span> <span class='ocrx_word' id='word_1_224' title='bbox 599 2339 899 2387; x_wconf 89' lang='lat' dir='ltr'>Hyacinthum</span> <span class='ocrx_word' id='word_1_225' title='bbox 943 2342 1113 2389; x_wconf 81' lang='lat' dir='ltr'>expulit</span> <span class='ocrx_word' id='word_1_226' title='bbox 1154 2343 1324 2390; x_wconf 89' lang='lat' dir='ltr'>Apollo,</span> <span class='ocrx_word' id='word_1_227' title='bbox 1370 2344 1484 2382; x_wconf 90' lang='lat' dir='ltr'>unde</span> <span class='ocrx_word' id='word_1_228' title='bbox 1527 2353 1580 2381; x_wconf 83' lang='lat' dir='ltr'>ex</span> <span class='ocrx_word' id='word_1_229' title='bbox 1623 2343 1697 2381; x_wconf 89' lang='lat' dir='ltr'>illo</span> <span class='ocrx_word' id='word_1_230' title='bbox 1739 2343 1836 2381; x_wconf 88' lang='lat' dir='ltr'>inde</span> <span class='ocrx_word' id='word_1_231' title='bbox 1868 2343 2064 2390; x_wconf 88' lang='lat' dir='ltr'>tempore</span> 
     </span>
     <span class='ocr_line' id='line_1_28' title="bbox 435 2413 2060 2467; baseline 0.002 -17"><span class='ocrx_word' id='word_1_232' title='bbox 435 2413 627 2452; x_wconf 87' lang='lat' dir='ltr'>invocari</span> <span class='ocrx_word' id='word_1_233' title='bbox 659 2416 827 2454; x_wconf 85' lang='lat' dir='ltr'>solebat</span> <span class='ocrx_word' id='word_1_234' title='bbox 860 2417 1013 2464; x_wconf 91' lang='lat' dir='ltr'>Apollo</span> <span class='ocrx_word' id='word_1_235' title='bbox 1047 2417 1352 2465; x_wconf 85' lang='lat' dir='ltr'>Hyacinthius.</span> <span class='ocrx_word' id='word_1_236' title='bbox 1388 2418 1584 2467; x_wconf 89' lang='lat' dir='ltr'>Vestigia</span> <span class='ocrx_word' id='word_1_237' title='bbox 1617 2420 1765 2457; x_wconf 84' lang='lat' dir='ltr'>autem</span> <span class='ocrx_word' id='word_1_238' title='bbox 1798 2418 1917 2456; x_wconf 90' lang='lat' dir='ltr'>illius</span> <span class='ocrx_word' id='word_1_239' title='bbox 1944 2418 2060 2454; x_wconf 86' lang='lat' dir='ltr'>inva-</span> 
     </span>
     <span class='ocr_line' id='line_1_29' title="bbox 435 2488 2061 2543; baseline 0.002 -17"><span class='ocrx_word' id='word_1_240' title='bbox 435 2488 572 2527; x_wconf 89' lang='lat' dir='ltr'>sionis</span> <span class='ocrx_word' id='word_1_241' title='bbox 605 2491 715 2538; x_wconf 90' lang='lat' dir='ltr'>apud</span> <span class='ocrx_word' id='word_1_242' title='bbox 742 2491 1007 2530; x_wconf 79' lang='lat' dir='ltr'>Pausaniam</span> <span class='ocrx_word' id='word_1_243' title='bbox 1036 2493 1169 2530; x_wconf 82' lang='lat' dir='ltr'>etiam</span> <span class='ocrx_word' id='word_1_244' title='bbox 1197 2495 1387 2542; x_wconf 85' lang='lat' dir='ltr'>restant,</span> <span class='ocrx_word' id='word_1_245' title='bbox 1417 2503 1518 2531; x_wconf 89' lang='lat' dir='ltr'>nam</span> <span class='ocrx_word' id='word_1_246' title='bbox 1551 2499 1646 2542; x_wconf 66' lang='lat' dir='ltr'>„tofi</span> <span class='ocrx_word' id='word_1_247' title='bbox 1675 2491 1718 2531; x_wconf 81' lang='grc' dir='ltr'>δὲ</span> <span class='ocrx_word' id='word_1_248' title='bbox 1750 2493 1902 2543; x_wconf 80' lang='grc' dir='ltr'><em>Κρίου”</em></span> <span class='ocrx_word' id='word_1_249' title='bbox 1920 2492 2061 2539; x_wconf 86' lang='lat' dir='ltr'>inquit</span> 
     </span>
     <span class='ocr_line' id='line_1_30' title="bbox 440 2565 2062 2620; baseline 0.002 -19"><span class='ocrx_word' id='word_1_250' title='bbox 440 2566 679 2619; x_wconf 64' lang='grc' dir='ltr'>ῃγεμιζούσῃ</span> <span class='ocrx_word' id='word_1_251' title='bbox 722 2573 767 2620; x_wconf 77' lang='grc' dir='ltr'>τῇ</span> <span class='ocrx_word' id='word_1_252' title='bbox 808 2565 978 2617; x_wconf 80' lang='grc' dir='ltr'><em>θυγατρὶ</em></span> <span class='ocrx_word' id='word_1_253' title='bbox 1022 2567 1128 2617; x_wconf 78' lang='grc' dir='ltr'><em>ῢὸωρ</em></span> <span class='ocrx_word' id='word_1_254' title='bbox 1173 2567 1428 2619; x_wconf 84' lang='grc' dir='ltr'><em>συντυχόντες</em></span> <span class='ocrx_word' id='word_1_255' title='bbox 1471 2569 1715 2607; x_wconf 86' lang='grc' dir='ltr'><em>κατάσκοποι</em></span> <span class='ocrx_word' id='word_1_256' title='bbox 1757 2574 1835 2606; x_wconf 82' lang='grc' dir='ltr'>τῶν</span> <span class='ocrx_word' id='word_1_257' title='bbox 1875 2565 2062 2617; x_wconf 85' lang='grc' dir='ltr'><em>Δωριέων</em></span> 
     </span>
     <span class='ocr_line' id='line_1_31' title="bbox 437 2639 2058 2694; baseline 0.002 -17"><span class='ocrx_word' id='word_1_258' title='bbox 437 2640 537 2694; x_wconf 79' lang='grc' dir='ltr'><em>αὐτῇ</em></span> <span class='ocrx_word' id='word_1_259' title='bbox 584 2655 621 2679; x_wconf 88' lang='grc' dir='ltr'>τε</span> <span class='ocrx_word' id='word_1_260' title='bbox 667 2639 861 2690; x_wconf 85' lang='grc' dir='ltr'><em>ἀφίκοντο</em></span> <span class='ocrx_word' id='word_1_261' title='bbox 905 2641 943 2688; x_wconf 83' lang='grc' dir='ltr'><em>ἐς</em></span> <span class='ocrx_word' id='word_1_262' title='bbox 985 2643 1145 2694; x_wconf 77' lang='grc' dir='ltr'><em>λόγους,</em></span> <span class='ocrx_word' id='word_1_263' title='bbox 1188 2644 1253 2681; x_wconf 84' lang='grc' dir='ltr'>καὶ</span> <span class='ocrx_word' id='word_1_264' title='bbox 1295 2644 1402 2690; x_wconf 79' lang='grc' dir='ltr'><em>παρὰ</em></span> <span class='ocrx_word' id='word_1_265' title='bbox 1444 2643 1511 2681; x_wconf 75' lang='grc' dir='ltr'>τὸν</span> <span class='ocrx_word' id='word_1_266' title='bbox 1559 2646 1682 2691; x_wconf 75' lang='grc' dir='ltr'><em>Κρῐον</em></span> <span class='ocrx_word' id='word_1_267' title='bbox 1724 2643 1908 2689; x_wconf 81' lang='grc' dir='ltr'><em>ἐλθόντες</em></span> <span class='ocrx_word' id='word_1_268' title='bbox 1950 2643 2058 2680; x_wconf 79' lang='grc' dir='ltr'><em>διδά-</em></span> 
     </span>
     <span class='ocr_line' id='line_1_32' title="bbox 435 2717 2061 2769; baseline 0.002 -15"><span class='ocrx_word' id='word_1_269' title='bbox 435 2727 597 2754; x_wconf 81' lang='grc' dir='ltr'><em>σκονται</em></span> <span class='ocrx_word' id='word_1_270' title='bbox 639 2717 710 2766; x_wconf 83' lang='grc' dir='ltr'>τὴν</span> <span class='ocrx_word' id='word_1_271' title='bbox 744 2717 891 2755; x_wconf 75' lang='grc' dir='ltr'><em>ἅλωσιν</em></span> <span class='ocrx_word' id='word_1_272' title='bbox 922 2724 989 2767; x_wconf 86' lang='grc' dir='ltr'>τῆς</span> <span class='ocrx_word' id='word_1_273' title='bbox 1023 2720 1241 2769; x_wconf 79' lang='grc' dir='ltr'><em>Σπάρτης”</em></span> <span class='ocrx_word' id='word_1_274' title='bbox 1277 2721 1382 2765; x_wconf 82' lang='lat' dir='ltr'>(l.l.).</span> <span class='ocrx_word' id='word_1_275' title='bbox 1418 2721 1550 2759; x_wconf 83' lang='lat' dir='ltr'>Suum</span> <span class='ocrx_word' id='word_1_276' title='bbox 1587 2722 1731 2759; x_wconf 74' lang='lat' dir='ltr'>autem</span> <span class='ocrx_word' id='word_1_277' title='bbox 1766 2720 1978 2759; x_wconf 78' lang='lat' dir='ltr'>Carneum</span> <span class='ocrx_word' id='word_1_278' title='bbox 2013 2722 2061 2758; x_wconf 77' lang='lat' dir='ltr'>ut</span> 
     </span>
     <span class='ocr_line' id='line_1_33' title="bbox 433 2793 2061 2843; baseline 0.001 -13"><span class='ocrx_word' id='word_1_279' title='bbox 433 2803 457 2830; x_wconf 86' lang='lat' dir='ltr'>a</span> <span class='ocrx_word' id='word_1_280' title='bbox 502 2803 613 2831; x_wconf 89' lang='lat' dir='ltr'>novo</span> <span class='ocrx_word' id='word_1_281' title='bbox 654 2793 732 2832; x_wconf 91' lang='lat' dir='ltr'>deo</span> <span class='ocrx_word' id='word_1_282' title='bbox 775 2793 975 2841; x_wconf 87' lang='lat' dir='ltr'>Apolline</span> <span class='ocrx_word' id='word_1_283' title='bbox 1013 2794 1177 2833; x_wconf 86' lang='lat' dir='ltr'>Garneo</span> <span class='ocrx_word' id='word_1_284' title='bbox 1210 2796 1404 2834; x_wconf 89' lang='lat' dir='ltr'>Lacones</span> <span class='ocrx_word' id='word_1_285' title='bbox 1437 2796 1594 2834; x_wconf 79' lang='lat' dir='ltr'>exinde</span> <span class='ocrx_word' id='word_1_286' title='bbox 1627 2796 1963 2843; x_wconf 88' lang='lat' dir='ltr'>distinguerent,</span> <span class='ocrx_word' id='word_1_287' title='bbox 1998 2795 2061 2833; x_wconf 91' lang='lat' dir='ltr'>illi</span> 
     </span>
     <span class='ocr_line' id='line_1_34' title="bbox 435 2868 2056 2918; baseline 0.001 -13"><span class='ocrx_word' id='word_1_288' title='bbox 435 2868 690 2906; x_wconf 86' lang='lat' dir='ltr'>addiderunt</span> <span class='ocrx_word' id='word_1_289' title='bbox 733 2879 972 2917; x_wconf 88' lang='lat' dir='ltr'>cognomen</span> <span class='ocrx_word' id='word_1_290' title='bbox 1016 2868 1202 2916; x_wconf 74' lang='grc' dir='ltr'><em>Οἰκέταν,</em></span> <span class='ocrx_word' id='word_1_291' title='bbox 1248 2870 1360 2917; x_wconf 83' lang='lat' dir='ltr'>quod</span> <span class='ocrx_word' id='word_1_292' title='bbox 1404 2871 1584 2908; x_wconf 89' lang='lat' dir='ltr'>minime</span> <span class='ocrx_word' id='word_1_293' title='bbox 1626 2869 1841 2917; x_wconf 84' lang='lat' dir='ltr'>significat</span> <span class='ocrx_word' id='word_1_294' title='bbox 1874 2880 2056 2918; x_wconf 81' lang='lat' dir='ltr'>servum,</span> 
     </span>
    </p>
   </div>
   <div class='ocr_carea' id='block_1_3' title="bbox 449 2973 534 2975">
    <p class='ocr_par' dir='ltr' id='par_1_6' title="bbox 449 2973 534 2975">
     <span class='ocr_line' id='line_1_35' title="bbox 449 2973 534 2975; baseline 0 0"><span class='ocrx_word' id='word_1_295' title='bbox 449 2973 534 2975; x_wconf 95' lang='lat' dir='ltr'> </span> 
     </span>
    </p>
   </div>
   <div class='ocr_carea' id='block_1_4' title="bbox 629 2974 757 2979">
    <p class='ocr_par' dir='ltr' id='par_1_7' title="bbox 629 2974 757 2979">
     <span class='ocr_line' id='line_1_36' title="bbox 629 2974 757 2979; baseline 0 0"><span class='ocrx_word' id='word_1_296' title='bbox 629 2974 757 2979; x_wconf 95' lang='lat' dir='ltr'> </span> 
     </span>
    </p>
   </div>
   <div class='ocr_carea' id='block_1_5' title="bbox 485 3028 1151 3066">
    <p class='ocr_par' dir='ltr' id='par_1_8' title="bbox 485 3028 1151 3066">
     <span class='ocr_line' id='line_1_37' title="bbox 485 3028 1151 3066; baseline 0.006 -8"><span class='ocrx_word' id='word_1_297' title='bbox 485 3028 508 3066; x_wconf 80' lang='grc'>1)</span> <span class='ocrx_word' id='word_1_298' title='bbox 534 3030 584 3059; x_wconf 79' lang='lat' dir='ltr'>Cf.</span> <span class='ocrx_word' id='word_1_299' title='bbox 609 3032 820 3062; x_wconf 73' lang='lat' dir='ltr'>Schoemann</span> <span class='ocrx_word' id='word_1_300' title='bbox 847 3034 904 3064; x_wconf 83' lang='lat' dir='ltr'>Gr.</span> <span class='ocrx_word' id='word_1_301' title='bbox 929 3034 995 3063; x_wconf 75' lang='lat' dir='ltr'>Alt.</span> <span class='ocrx_word' id='word_1_302' title='bbox 1019 3034 1052 3062; x_wconf 88' lang='lat'>11</span> <span class='ocrx_word' id='word_1_303' title='bbox 1080 3035 1151 3063; x_wconf 89' lang='lat'>175.</span> 
     </span>
    </p>
   </div>
  </div>
 </body>
</html>
