2200 3487
491 346 571 384 148
1107 354 1160 381 DE
1189 354 1484 382 AMAZONIBUS.

484 471 640 507 harum
673 468 966 515 nympharum
992 463 1116 504 Ἱππώ
1148 467 1283 505 fuisse
1316 470 1537 515 vocatam;
1566 467 1719 505 addam
1749 469 1895 505 autem
1924 465 2110 503 alterum

483 543 785 583 testimonium
833 552 918 580 non
966 542 1149 580 minoris
1191 542 1332 589 pretii.
1374 542 1579 589 Legimus
1621 543 1732 590 apud
1774 541 2035 580 Pausaniam
2060 536 2109 584 ¹):

487 617 656 669 »χωρίον
700 616 916 665 Ἀρτέμιδος
949 615 1012 653 καὶ
1048 617 1238 664 Νυμφῶν
1271 615 1375 653 ἐστὶν
1408 617 1452 653 αἱ
1482 617 1650 666 Κάρυαι·
1683 616 1826 667 χοροὺς
1858 614 1901 654 ὁὲ
1931 615 2110 653 ἐνταῦθα

483 694 527 732 αἱ
569 691 903 741 Λακεδαιμονίων
946 689 1144 740 παρθένοι
1186 690 1284 728 κατὰ
1326 690 1408 736 ἔτος
1451 691 1578 729 ἱστᾶσι
1619 690 1683 729 καὶ
1727 690 1930 741 ἐπιχώριος
1971 690 2111 736 αὐταῖς

480 766 727 817 καθέστηκεν
769 765 969 816 ὄρχησις”.
1011 766 1221 804 Referunt
1264 766 1395 813 igitur
1438 767 1629 815 Virgines
1670 767 1771 805 illae
1814 766 2059 815 Καρυάτιδες
2082 762 2112 810 2)

480 844 718 891 imaginem
746 843 1022 880 Amazonum
1051 843 1214 880 circum
1243 842 1408 880 Dianae
1436 842 1648 890 Ephesiae
1677 852 1799 880 aram
1831 842 2111 889 saltantium,

479 929 586 967 quas
629 929 651 957 e
695 918 952 957 Callimachi
1001 918 1198 956 versibus
1245 920 1395 956 notam
1445 918 1672 956 habemus.
1723 917 1931 966 Πυρρίχην
1978 917 2114 955 fuisse

476 995 596 1033 illam
656 994 937 1032 saltationem
985 993 1205 1031 Lucianus
1228 989 1256 1037 3)
1300 995 1447 1040 aperte
1494 993 1639 1040 docet,
1689 993 1810 1031 cuius
1856 993 1962 1030 haec
2008 995 2111 1031 sunt

478 1069 630 1108 verba:
683 1068 1030 1117 „Aunedoctuovtot
1049 1099 1055 1105 .
1076 1098 1082 1104 .
1103 1099 1109 1105 .
1129 1098 1135 1104 .
1153 1067 1262 1115 παρὰ
1305 1068 1593 1113 Πολυδεύκους
1635 1066 1700 1105 καὶ
1732 1068 1936 1117 Κάστορος
1962 1082 2111 1117 καρυα-

476 1145 593 1191 τίζειν
625 1143 824 1193 μαθόντες
857 1153 892 1182 e.
927 1154 966 1190 q.
1001 1145 1066 1181 S.'’

535 1221 694 1260 Eodem
740 1222 888 1258 autem
930 1220 1014 1257 ritu
1058 1219 1160 1257 alibi
1202 1229 1370 1266 quoque
1412 1218 1595 1256 Dianam
1640 1221 1682 1256 et
1724 1219 1973 1256 Amazones
2005 1218 2109 1256 cele-

476 1297 625 1335 brasse
654 1296 856 1333 videntur
885 1295 1087 1342 virgines.
1119 1294 1221 1332 Erat
1248 1294 1464 1332 Pausania
1491 1295 1606 1331 teste
1626 1290 1657 1338 4)
1687 1293 1868 1341 Spartae
1894 1292 2107 1341 templum

475 1372 691 1419 quoddam
733 1371 897 1408 Dianae
941 1379 1137 1417 sacrum,
1181 1369 1254 1407 ubi
1287 1370 1440 1407 sancto
1474 1378 1654 1407 munere
1686 1368 1981 1415 fungebantur
2012 1382 2109 1416 παρ-

474 1445 589 1485 θένοι
634 1445 877 1494 καλούμεναι
925 1442 1024 1481 κατὰ
1071 1442 1193 1482 ταύτὰ
1242 1447 1322 1489 ταῖς
1366 1446 1481 1489 θεαῖς
1523 1441 1590 1480 καὶ
1632 1438 1826 1480 αὗται...
1862 1443 2109 1490 quomodo?

474 1521 757 1566 Λευκιππίδες.
800 1519 1125 1568 Quamobrem?
1164 1518 1377 1567 Quoniam
1410 1518 1622 1557 mortales
1653 1519 1843 1567 speciem
1874 1518 2113 1557 referentes

475 1598 751 1635 Amazonum
798 1606 884 1634 non
932 1595 1107 1642 quidem
1156 1597 1205 1633 ut
1252 1595 1347 1643 ipsa
1392 1594 1481 1632 Dea
1524 1594 1797 1632 vehebantur
1838 1594 1951 1640 equis
1986 1593 2108 1642 albis,

474 1673 549 1711 sed
596 1672 775 1710 nomine
824 1671 986 1709 saltem
1032 1670 1227 1709 numinis
1274 1670 1440 1708 formae
1488 1670 1825 1716 antiquissimae
1871 1669 2112 1707 servabant

474 1748 753 1786 memoriam.

534 1823 629 1860 Non
657 1832 784 1860 secus
813 1832 862 1859 ac
888 1821 984 1869 ipsa
1012 1821 1148 1859 Diana
1181 1821 1364 1859 comites
1395 1821 1489 1858 eius
1522 1822 1786 1867 Amazones,
1822 1829 1950 1858 cursu
1982 1820 2096 1859 celer

472 1899 582 1936 rimo
607 1907 784 1945 campos
808 1899 850 1935 et
878 1906 1066 1943 aequora
1092 1896 1359 1944 perlustrare
1385 1895 1557 1943 solitae,
1589 1895 1711 1943 equis
1739 1895 1951 1933 vehentes
1979 1895 2109 1943 vulgo

473 1972 759 2021 fingebantur.
805 1972 887 2009 Sed
931 1974 973 2009 et
1017 1972 1214 2009 armatae
1258 1972 1383 2009 erant
1424 1972 1472 2008 ut
1509 1971 1604 2018 ipsa
1635 1970 1723 2008 Dea
1754 1970 1943 2008 lunaris:
1977 1970 2111 2018 peltis

472 2048 656 2096 lunatis,
692 2047 895 2094 arcubus,
929 2046 1168 2084 securibus.
1203 2046 1295 2084 Tali
1328 2049 1485 2084 ornatu
1517 2046 1684 2084 Amazo

830 2121 897 2159 vel
932 2122 1125 2159 intactae
1158 2121 1320 2169 segetis
1352 2131 1426 2169 per
1459 2130 1636 2158 summa
1668 2120 1835 2159 volaret

648 2197 847 2245 gramina
878 2207 959 2235 nec
989 2198 1164 2235 teneras
1198 2206 1325 2234 cursu
1358 2196 1560 2234 laesisset
1592 2196 1769 2243 aristas,

650 2272 717 2310 vel
750 2282 870 2311 mare
902 2283 977 2320 per
1010 2272 1202 2310 medium
1237 2272 1370 2310 fluctu
1403 2281 1618 2319 suspensa
1649 2271 1841 2309 tumenti

648 2348 782 2387 ferret
813 2348 898 2386 iter
931 2348 1086 2386 celeris
1119 2357 1200 2385 nec
1232 2348 1452 2395 tingueret
1486 2357 1671 2394 aequore
1703 2346 1890 2395 plantas.

530 2423 734 2462 Ceterum
778 2422 958 2461 Crusius
978 2420 1008 2471 5)
1049 2423 1216 2471 optimo
1249 2423 1342 2461 iure
1374 2423 1627 2461 observavit
1660 2421 1890 2461 Camillam
1924 2423 2104 2460 Amazo-

469 2509 570 2536 nem
613 2498 823 2546 italicam,
870 2508 1000 2546 quam
1035 2498 1252 2546 Vergilius
1275 2494 1304 2543 ⁶)
1338 2499 1497 2536 vividis
1529 2497 1742 2536 coloribus
1775 2497 1986 2545 depinxit,
2021 2507 2106 2535 non

467 2573 610 2611 solam
658 2573 982 2612 Penthesileam
1029 2573 1105 2611 sed
1153 2574 1286 2611 etiam
1336 2573 1608 2621 Harpalycen
1658 2573 1701 2610 in
1743 2574 1938 2610 mentem
1980 2571 2106 2610 nobis

466 2658 683 2686 revocare.
727 2649 827 2686 Fuit
869 2649 973 2686 haec
1017 2648 1262 2696 Harpalyce
1308 2658 1411 2686 vera
1451 2650 1616 2686 Amazo
1649 2657 1822 2695 graeca,
1856 2656 2103 2694 nomenque

467 2723 560 2761 eius
593 2724 795 2762 cohaeret
824 2734 922 2762 cum
951 2723 1089 2761 Diana
1114 2723 1206 2771 illa,
1236 2724 1302 2761 cui
1331 2723 1615 2772 Hippolytus,
1645 2724 1681 2761 si
1708 2722 1814 2760 fides
1832 2722 2100 2771 Periegetae,

468 2797 566 2836 ναὸν
609 2798 785 2844 Λυκείας
828 2798 1048 2849 Ἀρτέμιδος
1091 2799 1322 2838 dedicavit.
1372 2799 1628 2847 Suspicatur
1670 2800 1818 2837 autem
1862 2797 2104 2836 Pausanias

512 2981 536 3023 1)
561 2984 624 3019 III,
652 2985 703 3023 10,
731 2984 760 3013 ’7.
895 2982 920 3024 2)
947 2985 1077 3014 Polluc.
1105 2985 1160 3021 IV,
1188 2986 1260 3015 104.
1396 2982 1422 3019 3)
1447 2986 1498 3014 De
1526 2985 1645 3014 Saltat.
1674 2986 1725 3014 10.
1860 2983 1887 3023 ⁴)
1909 2985 1973 3023 III,
2000 2986 2053 3022 16,
2081 2987 2096 3015 1

510 3042 535 3082 ⁵)
561 3045 641 3074 Lex.
667 3045 790 3074 Rosch.
813 3045 827 3073 I
855 3045 939 3075 1835
964 3054 1040 3083 sqq.
1310 3043 1338 3084 ὃ)
1363 3045 1426 3075 VII
1453 3046 1528 3084 803,
1553 3045 1599 3075 XI
1626 3045 1689 3075 570
1718 3053 1792 3083 sqq.
