2200 3487
415 334 472 374 80
1111 349 1164 377 DE
1196 349 1341 378 AIAcE.

469 460 648 509 Leleges
674 462 903 510 aliquando
930 462 1102 501 Cariam
1130 463 1402 512 habitarunt,
1432 464 1546 503 unde
1571 463 1686 512 pulsi
1712 463 2034 511 septentriones

414 546 565 575 versus
612 538 904 585 emigrarunt;
953 538 1122 587 deinde,
1167 539 1281 577 sicut
1328 539 1379 577 de
1426 539 1602 578 Teucris
1648 540 1863 587 narratur,
1912 537 2038 575 sedes

413 622 550 651 novas
592 614 634 651 in
678 614 841 653 Troade
883 615 1046 653 circum
1088 615 1306 654 Pedasum
1350 618 1392 654 et
1431 616 1729 654 Satnioentem
1763 614 2038 652 invenerunt.

412 686 637 735 Regnabat
662 690 776 728 inter
804 701 877 729 eos
905 691 1047 739 AlteS,
1078 692 1202 729 cuius
1228 691 1363 729 filiam
1392 691 1614 729 Laothoen
1633 691 1817 729 duxerat
1836 690 2039 727 Priamus

412 764 467 806 (Φ
499 761 581 815 84).
616 765 894 803 Meminimus
927 766 1060 803 etiam
1093 766 1135 804 in
1169 765 1294 804 Caria
1324 766 1461 804 fuisse
1488 765 1690 813 oppidum
1719 765 1897 813 Pedasa,
1927 763 2038 811 quod

414 839 631 878 Mausolus
673 850 772 878 cum
815 840 1117 879 Halicarnasso
1161 841 1390 879 coniunxit
1429 841 1602 885 (Herod.
1634 840 1749 888 VIII,
1789 841 1899 884 104).
1933 839 2037 888 Quid

413 914 574 952 mirum
616 915 796 963 Leleges
830 927 851 954 e
885 916 1044 954 vicinia
1077 915 1396 964 Halicarnassi,
1431 918 1479 954 ut
1511 916 1709 964 probavit
1741 916 2037 962 Kretschmer,

413 989 681 1037 emigrantes
736 1000 894 1029 nomen
948 990 1217 1039 Telamonis,
1268 991 1379 1038 quod
1426 991 1496 1029 vel
1542 992 1694 1039 postea
1741 990 2041 1029 Halicarnassi

412 1064 719 1103 inveniebatur
769 1088 817 1093 —-
870 1076 1030 1104 nomen
1073 1066 1140 1105 dei
1182 1066 1340 1104 marini
1384 1066 1452 1104 cui
1493 1067 1613 1105 natio
1655 1066 1879 1104 maritima
1910 1075 2038 1114 quam

415 1141 606 1179 maxime
649 1141 795 1179 dedita
837 1144 930 1180 erat
976 1164 1026 1168 —
1072 1152 1221 1180 seeum
1257 1142 1447 1189 duxisse,
1482 1151 1628 1190 regem
1662 1141 1941 1180 Trambelum
1972 1141 2040 1180 dei

412 1214 550 1253 filium
584 1217 797 1255 vocasse?
830 1217 1154 1266 Trambeluml,
1190 1217 1262 1264 qui
1294 1219 1342 1255 ut
1373 1217 1620 1255 Phaeacum
1653 1217 1855 1255 homines
1881 1226 2039 1255 nomen

413 1291 591 1337 gerebat
623 1301 647 1329 a
680 1291 869 1330 navibus
902 1292 1095 1330 ductum.

470 1366 580 1404 Nam
629 1368 897 1405 maritimam
945 1368 1168 1406 nationem
1214 1367 1351 1406 fuisse
1400 1367 1578 1416 Leleges
1625 1368 1752 1406 docet
1792 1367 2040 1405 Herodotus

411 1443 429 1480 I
465 1444 570 1480 173:
621 1441 746 1491 „finoeg
792 1442 936 1489 Μίνως
980 1442 1106 1482 δέοιτο
1151 1442 1352 1495 ἐπλήρουν
1391 1444 1432 1482 οἵ
1459 1443 1526 1490 τὰς
1558 1445 1701 1491 ναῦς”.
1733 1445 1868 1484 Docet
1899 1445 2038 1484 idem:

415 1548 431 1565 „
446 1515 608 1567 Λέλεγες
640 1517 874 1567 καλεόμενοι
906 1514 1010 1569 εἶχον
1042 1518 1109 1565 τὰς
1143 1519 1292 1569 νήσους
1325 1519 1454 1571 φόρον
1487 1517 1558 1569 μὲν
1591 1518 1739 1559 οὐδένα
1766 1517 2041 1566 ὑποτελέοντες

413 1591 507 1630 ὅσον
540 1590 607 1630 καὶ
640 1591 714 1644 ἐγὼ
749 1593 920 1640 δυνατός
954 1594 1032 1644 εἰμι
1065 1593 1127 1632 ἐπὶ
1162 1594 1409 1645 μακρότατον
1443 1594 1645 1642 ἐξικέσθαι
1679 1594 1822 1649 ἇκοῇ”.

473 1667 632 1716 Quodsi
674 1669 766 1707 iure
809 1670 1116 1708 contendimus
1158 1671 1410 1710 Telamonis
1450 1681 1607 1710 nomen
1642 1681 1663 1710 e
1698 1671 1804 1709 Sinu
1837 1670 2041 1709 Saronico

410 1743 451 1780 in
501 1744 652 1782 Asiam
692 1745 936 1794 devenisse,
980 1746 1117 1785 oritur
1159 1747 1349 1795 suspicio
1391 1747 1571 1795 Leleges
1612 1747 1760 1795 fuisse,
1807 1747 1878 1794 qui
1911 1755 2039 1784 suum

410 1819 538 1857 deum
572 1821 787 1859 orientem
821 1831 973 1861 versus
1006 1822 1352 1860 transduxerint.
1387 1821 1651 1861 Obtinebant
1685 1823 1799 1860 enim
1836 1822 2044 1869 antiquis-

410 1895 536 1933 simis
569 1896 840 1944 temporibus
872 1896 1051 1945 Leleges
1084 1898 1229 1936 varias
1257 1897 1463 1936 Graeciae
1495 1899 1694 1946 regiones
1722 1909 1756 1937 e.
1786 1909 1825 1946 g.
1854 1898 2040 1946 Megara,

408 1970 646 2019 Locridem,
697 1971 969 2010 Laconicam.
1011 1972 1144 2011 Lelex
1177 1973 1227 2011 de
1261 1983 1343 2020 quo
1375 1974 1592 2012 Laconica
1629 1974 1824 2022 Lelegeis
1856 1972 2040 2022 appella-

408 2045 536 2084 batur
578 2038 762 2094 Spartae
804 2047 990 2086 habebat
1030 2044 1174 2100 ἡρῷον.
1219 2046 1270 2093 ὡς
1311 2045 1353 2086 δὲ
1385 2047 1498 2086 αὐτοὶ
1531 2048 1851 2098 Λακεδαιμόνιοι
1882 2046 2042 2099 λέγουσι

409 2118 530 2166 Λέλεξ
579 2120 793 2171 αὐτόχθων
841 2119 896 2159 ὢν
946 2120 1175 2171 ἐβασίλευσε
1223 2127 1374 2172 πρῶτος
1417 2121 1459 2161 ἓν
1501 2129 1546 2177 τῇ
1588 2129 1638 2177 γῇ
1678 2124 1812 2176 ταύτῃ.
1854 2123 1916 2162 De
1948 2124 2041 2161 tota

407 2195 704 2244 Peloponneso
749 2196 998 2235 Hecataeus
1038 2198 1232 2237 Milesius
1272 2198 1476 2237 tradebat
1507 2209 1603 2237 eam
1639 2200 1740 2237 ante
1778 2199 2039 2238 Graecorum

409 2271 648 2309 adventum
691 2281 716 2310 a
756 2272 952 2311 barbaris
993 2273 1129 2311 fuisse
1172 2273 1433 2312 habitatam.
1475 2273 1535 2312 Of.
1578 2274 1718 2313 Strab.
1753 2274 1833 2312 VII
1865 2285 1904 2322 p.
1939 2274 2037 2322 321,

408 2345 481 2383 ubi
524 2348 702 2385 exstant
735 2347 866 2386 verba
898 2348 1220 2387 memorabilia:
1259 2350 1329 2397 „in
1362 2349 1630 2387 Milesiorum
1664 2350 1883 2389 territorio
1915 2360 2041 2397 quae-

409 2421 508 2459 dam
567 2422 776 2470 Lelegum
836 2423 1056 2462 domicilia
1101 2424 1396 2463 ostenduntur
1444 2421 1722 2477 (Trambelus
1770 2425 1822 2464 ab
1871 2425 2040 2464 Achille

405 2496 540 2535 Mileti
573 2498 863 2543 interfectusl>
898 2501 940 2537 et
973 2499 1116 2538 multa
1147 2499 1192 2537 in
1224 2499 1349 2538 Caria
1382 2500 1582 2548 sepulcra
1614 2502 1658 2539 et
1687 2501 1843 2540 inanes
1879 2501 2040 2539 tumuli

408 2572 606 2620 Lelegeia
639 2574 925 2621 appellantur.
961 2575 1078 2623 Quae
1109 2586 1225 2615 nunc
1254 2576 1375 2615 Ionia
1402 2577 1562 2615 dicitur
1587 2577 1797 2616 universa
1824 2577 1928 2615 olim
1957 2576 2041 2615 fuit

408 2657 432 2685 a
463 2648 696 2696 Lelegibus
739 2649 955 2699 habitata,
995 2660 1128 2697 quam
1161 2652 1301 2700 pulsis
1334 2651 1565 2700 Lelegibus
1597 2652 1724 2691 Iones
1757 2654 2040 2700 occuparunt.

409 2723 489 2761 Sed
527 2725 570 2762 et
602 2726 704 2762 ante
736 2725 817 2773 illi,
851 2726 924 2773 qui
957 2725 1130 2764 Troiam
1165 2728 1371 2774 ceperunt
1403 2727 1573 2775 Graeci,
1608 2727 1790 2775 Leleges
1823 2727 2041 2766 eiecerant

407 2807 429 2835 e
475 2797 583 2836 locis
630 2799 731 2838 Idae
780 2800 937 2838 vicinis
986 2801 1110 2840 iuxta
1156 2801 1374 2840 Pedasum
1418 2803 1462 2840 et
1496 2802 1796 2841 Satnioentem
1828 2802 2038 2841 flumen”.

407 2872 577 2911 Ultima
607 2874 795 2913 fortasse
828 2886 883 2913 ex
914 2876 1048 2914 Iliade
1082 2877 1232 2925 petita.

464 2949 667 2988 Testatur
710 2950 971 2990 Aristoteles
1020 2953 1062 2990 in
1107 2953 1368 3001 Republica:
1417 2964 1537 3002 „eos,
1583 2954 1655 3001 qui
1687 2964 1803 2993 nunc
1836 2955 2039 2994 dicuntur

406 3025 659 3074 Locrenses,
691 3026 932 3073 antiquitus
959 3027 1139 3076 Leleges
1166 3029 1302 3068 fuisse
1321 3029 1589 3078 nominatOS,
1618 3030 1794 3069 eosdem
1812 3030 2039 3070 Boeotiam
