2200 3487
388 317 411 353 2
421 316 471 353 16
869 325 922 352 DE
952 323 1241 352 EUGAMMONis
1272 324 1528 352 TELEGONIA.

387 440 543 479 habeat
569 437 609 484 1).
643 440 833 478 Advenit
864 439 1124 488 Telegonus,
1158 439 1207 478 fit
1233 437 1557 490 ἀναγνωρισμός,
1588 439 1742 477 Ulixes
1771 448 1897 477 caeca
1924 438 2015 476 fata

386 516 516 554 sortis
562 516 783 553 humanae
829 515 1100 554 lamentatus
1148 526 1169 554 e
1218 516 1309 553 vita
1356 515 1556 563 discedit,
1610 525 1692 562 quo
1740 514 1855 553 facto
1899 512 2017 552 filius

387 593 582 630 moestus
614 591 666 629 ad
697 593 887 629 matrem
920 590 1070 629 CIrcen
1102 591 1351 629 revertitur.

446 667 630 705 Secutus
661 676 761 705 sum
792 667 885 704 tam
918 666 1166 714 fragmenta
1198 665 1424 713 Sophoclis
1452 675 1583 712 quam
1609 675 1718 712 quae
1745 665 2016 704 tradiderunt

386 742 605 791 Hyginus,
656 742 894 791 Oppianus,
938 742 1102 789 Dictys.
1147 741 1278 780 Addit
1322 740 1525 788 Hyginus
1567 741 1646 779 sub
1678 740 1812 780 finem
1844 742 2015 781 fabulae

385 818 638 866 apparuisse
681 817 939 866 Minervam,
986 817 1109 856 cuius
1150 816 1323 855 monitu
1355 817 1483 855 heros
1515 817 1718 855 mortuus
1750 817 1794 855 in
1824 817 2015 856 insulam

384 894 575 932 Aeaeam
623 894 682 931 sit
729 893 1003 941 deportatus,
1052 892 1125 931 ubi
1173 892 1448 941 sepeliretur.
1496 892 1702 930 Eiusdem
1747 892 1852 931 deae
1894 893 2017 932 iussu

386 969 651 1017 Telegonum
683 968 946 1017 Penelopen,
979 968 1292 1007 Telemachum
1325 967 1476 1007 Circen
1510 978 1692 1006 uxorem
1726 968 1918 1007 duxisse.

445 1044 563 1083 Talis
594 1055 696 1084 vero
728 1043 828 1082 finis
859 1044 1099 1093 nonnullis,
1135 1046 1184 1083 ut
1215 1044 1345 1093 mihi,
1378 1044 1521 1092 magis
1552 1044 1808 1093 Euripideus
1835 1055 1967 1092 quam
1995 1055 2017 1084 e

385 1120 609 1169 Sophoclis
654 1121 828 1168 ingenio
876 1120 1107 1169 videbitur,
1156 1130 1290 1168 quare
1337 1121 1485 1169 potius
1532 1121 1710 1159 credent
1756 1121 2020 1170 Sophocleae

381 1197 552 1236 fabulae
595 1195 765 1235 exitum
806 1196 944 1235 fuisse
986 1198 1035 1234 ut
1075 1196 1188 1245 apud
1222 1197 1447 1235 auctorem
1481 1196 1701 1244 Odysseae
1732 1197 1962 1245 periochae
1993 1207 2019 1236 a

383 1274 655 1312 Buttmanno
683 1272 843 1322 editae,
873 1273 997 1311 cuius
1024 1272 1183 1310 ultima
1210 1272 1313 1310 sunt
1337 1271 1491 1311 verba:
1514 1270 1686 1321 ,,μαθὼν
1703 1265 1778 1310 οὖν
1799 1270 2017 1324 Τηλέγονος

384 1348 442 1386 ὅτι
459 1347 528 1386 τὸν
554 1345 703 1398 πατέρα
729 1345 879 1397 ἀνεῖλε,
904 1347 1117 1397 πενθήσας
1144 1346 1268 1385 αὐτὸν
1296 1353 1446 1398 πικρῶς
1472 1345 1697 1398 ἀνεχώρησε
1722 1354 1791 1398 τῆς
1811 1344 2020 1398 Ἰθάκης”.

442 1425 553 1464 Utut
579 1425 620 1463 id
649 1426 733 1473 est,
769 1425 1067 1471 unusquisque
1100 1424 1187 1462 iam
1223 1424 1479 1462 observavit
1511 1424 1561 1463 de
1594 1424 1750 1463 itinere
1780 1425 1824 1462 in
1852 1424 2018 1463 Elidem

381 1500 548 1539 nullam
591 1500 703 1549 apud
746 1499 1007 1548 Sophoclem
1051 1498 1144 1538 fieri
1188 1500 1483 1547 mentionem;
1526 1499 1643 1538 hunc
1675 1500 1824 1538 autem
1857 1500 1908 1538 de
1940 1510 2019 1538 suo

384 1576 540 1615 velex
572 1576 765 1614 Homero
808 1575 1026 1614 addidisse
1068 1575 1289 1613 oraculum
1330 1575 1435 1613 illud
1476 1571 1772 1624 Dodonaeum,
1817 1575 1929 1622 quod
1971 1577 2018 1614 ut

382 1652 616 1700 Pythicum
662 1651 769 1690 illud
818 1651 861 1689 in
904 1651 1167 1699 Oedipodea,
1211 1650 1348 1689 totius
1390 1650 1642 1698 tragoediae
1685 1651 1813 1689 cardo
1850 1651 2017 1690 factum

383 1730 462 1767 est.
505 1727 752 1766 Declinavit
792 1727 987 1776 tragicus
1028 1737 1053 1765 a
1096 1727 1165 1765 via
1205 1737 1337 1774 quam
1379 1728 1603 1766 straverat
1640 1727 1934 1777 Eugammon,
1968 1728 2018 1766 ut

382 1815 457 1853 pro
489 1815 567 1844 suo
600 1805 772 1853 ingenio
804 1803 1037 1843 materiem
1069 1805 1295 1842 tractaret.

428 1984 454 2025 l)
479 1985 568 2016 Audi
593 1986 806 2024 Oedipodem
831 1984 980 2016 inscium
1006 1984 1115 2024 patris
1139 1986 1251 2025 φονέαῖ
