2141 3487
738 327 792 355 DE
822 327 1119 355 AMAzomssus.
1661 319 1741 356 145

108 441 221 479 aries
247 440 566 481 immolaretur.
595 441 754 480 Fuerat
780 444 929 480 autem
956 441 1174 480 Connidas
1201 441 1273 479 ille
1291 441 1626 479 Troezeniorum
1650 440 1744 487 θεὸς

110 515 293 565 χθόνιος,
324 519 372 555 ut
403 517 560 556 docent
591 517 853 556 Plutarchus
879 514 905 562 l)
939 520 983 556 et
1015 517 1262 565 Hesychius
1295 518 1320 555 i.
1357 527 1394 556 v.
1433 516 1627 566 Κονείὸης
1649 514 1692 561 2).

170 592 446 631 Amazonum
489 594 638 631 autem
681 591 944 631 sacrificium
979 603 1077 631 cum
1111 592 1291 630 Theseis
1323 592 1660 641 coniunxerunt,
1696 603 1746 631 ea

110 666 205 714 lege
233 668 282 705 ut
307 667 463 706 Thesei
489 678 558 707 res
586 670 678 706 tam
705 669 748 706 in
777 669 946 717 Europa
974 678 1102 716 quam
1132 669 1174 706 in
1203 668 1310 706 Asia
1327 670 1479 706 contra
1496 668 1745 707 Amazones

109 743 260 789 gestae
286 742 359 781 illo
387 753 511 782 sacro
538 743 874 782 celebrarentur.
904 744 1068 792 Nempe
1095 742 1136 780 οἱ
1158 742 1399 792 μυθοποιοί,
1427 743 1581 782 Thesei
1609 754 1746 782 novos

109 827 277 856 errores
302 816 518 866 fingentes
546 819 707 858 dudum
741 819 792 857 de
825 819 980 858 Thesei
1014 820 1055 857 in
1090 819 1244 857 Asiam
1276 819 1552 866 expeditione
1585 818 1745 857 fabula·

111 892 282 942 bantur,
326 905 424 933 cum
469 894 620 933 Graeci
663 895 977 943 antiquissimi,
1021 896 1068 932 ut
1107 894 1356 933 videbimus
1388 894 1518 942 infra,
1553 904 1744 941 pugnarn

109 969 206 1016 ipsa
247 969 289 1008 in
333 969 512 1009 Graecia
544 981 641 1009 cum
675 971 975 1010 Amazonibus
1007 970 1293 1009 commissam
1328 970 1559 1008 novissent
1590 969 1745 1009 solam.

111 1043 311 1092 Quinimo
368 1046 420 1084 ad
477 1047 930 1085 Amazonomachiam
989 1046 1101 1094 apud
1159 1045 1492 1093 Themiscyram
1550 1045 1746 1084 habitam

110 1119 303 1159 facinora
335 1121 481 1159 herois
513 1121 608 1169 ipsa
637 1122 681 1159 in
713 1122 857 1169 patria
889 1122 1016 1168 gesta
1048 1122 1136 1159 iam
1170 1120 1427 1159 sordebant!

169 1271 286 1321 Quae
318 1275 468 1311 autern
500 1272 679 1312 fuerunt
708 1274 958 1311 Amazones
989 1272 1089 1311 illae
1122 1272 1329 1320 Graecae,
1364 1272 1537 1310 divinae
1570 1272 1749 1320 originis

110 1347 336 1397 mulieres,
381 1358 564 1396 quarum
603 1349 766 1388 cultum
800 1350 930 1397 atque
963 1359 1124 1388 nomen
1156 1350 1249 1387 tam
1282 1349 1375 1387 tota
1407 1348 1588 1387 Graecia
1619 1358 1748 1395 quam

110 1433 185 1472 per
227 1434 349 1463 mare
391 1425 614 1473 Aegaeum
658 1435 866 1472 oramque
898 1425 1029 1463 Asiae
1062 1424 1337 1462 maritimam
1371 1423 1478 1461 nulli
1511 1433 1596 1462 non
1629 1424 1748 1462 inno·

107 1499 246 1538 tuisse
279 1501 469 1549 constat,
504 1500 718 1548 siquidem
751 1500 794 1538 in
828 1501 995 1548 mythis
1020 1501 1085 1538 tot
1111 1500 1284 1538 urbium
1313 1499 1581 1547 Ionicarum,
1611 1499 1749 1538 Aeoli-

111 1585 279 1624 carum,
299 1575 579 1614 Ponticarum
599 1578 746 1624 partes
774 1576 940 1625 primas
968 1577 1135 1624 agunt?
1164 1576 1353 1624 Quarum
1382 1575 1527 1623 imago
1556 1575 1748 1622 antiquis

109 1650 361 1690 hominibus
405 1653 500 1690 tam
548 1651 696 1690 vivida
742 1653 844 1690 ante
890 1651 1038 1690 oculos
1086 1651 1416 1699 obversabatur,
1468 1653 1517 1689 ut
1572 1649 1748 1689 turbam

112 1725 348 1765 mulierum
381 1727 656 1775 vagantium,
685 1727 834 1775 procul
861 1727 905 1764 in
933 1726 1136 1775 Thracia,
1166 1727 1291 1774 Asia,
1319 1726 1455 1765 libere
1482 1726 1746 1774 viventium,

111 1801 299 1840 simulac
331 1812 482 1841 earum
515 1803 636 1841 fama
663 1803 706 1841 in
733 1802 855 1840 Ionia
881 1802 1219 1850 percrebuisset,
1254 1812 1375 1840 mero
1409 1802 1587 1840 nomine
1619 1800 1747 1839 Ama·

111 1887 270 1916 zonum
313 1878 424 1916 satis
455 1880 659 1917 accurate
692 1878 873 1916 indicari
903 1879 1109 1926 putarent
1141 1878 1295 1926 poetae
1328 1877 1470 1925 epici?
1503 1876 1618 1925 Quae
1650 1886 1748 1914 cum

113 1963 135 1992 e
177 1953 296 1992 caelo
334 1953 377 1992 in
409 1955 552 1992 terras
583 1953 931 2001 descendissent,
977 1953 1003 1991 i.
1038 1963 1074 1991 e.
1109 1963 1208 1991 cum
1242 1953 1425 2000 mythus
1458 1952 1600 1990 factus
1633 1953 1750 1990 esset

112 2029 314 2077 historia,
354 2029 479 2068 sedes
512 2029 756 2076 domusque
788 2029 832 2067 in
865 2028 1010 2077 Caspii
1040 2028 1176 2067 maris
1209 2028 1458 2076 regionibus
1491 2029 1751 2076 acceperunt

113 2114 137 2142 a
169 2105 377 2154 posteris,
411 2115 519 2152 quos
552 2105 695 2143 nuntii
726 2104 986 2152 praesertim
1021 2104 1072 2142 de
1105 2104 1465 2142 Sauromatarum
1494 2102 1751 2141 mulieribus

114 2179 236 2218 allati
268 2181 517 2219 moverunt.

173 2256 268 2294 Iam
302 2256 513 2294 Pindarus
543 2256 657 2294 teste
688 2254 904 2293 Pausania
926 2250 954 2299 3)
982 2254 1194 2302 Ephesiae
1222 2253 1388 2292 Dianae
1414 2253 1630 2301 templum
1658 2263 1751 2291 con·

114 2331 254 2370 ditum
299 2331 437 2370 fuisse
469 2330 625 2369 cecinit
657 2330 709 2368 ab
742 2329 1065 2376 Amazonibus;
1100 2330 1347 2368 accuratius
1379 2330 1524 2367 autem
1559 2328 1751 2366 fabulam

114 2407 324 2446 tractavit
366 2408 497 2455 poeta
538 2406 843 2454 doctissimus,
888 2416 1034 2444 rerum
1078 2405 1360 2452 antiquarum
1393 2414 1524 2452 quam
1558 2404 1755 2442 maxime

116 2483 333 2531 curiosus,
380 2481 697 2529 Callimachus,
742 2481 815 2528 qui
855 2481 898 2519 in
942 2481 1118 2528 Hymno
1161 2480 1327 2519 Dianae
1371 2483 1474 2525 (vss
1520 2480 1602 2517 237
1646 2481 1753 2525 sqq.)

116 2558 243 2596 deam
275 2558 336 2596 ita
369 2557 626 2605 alloquitur:

351 2631 415 2671 σοὶ
445 2630 511 2670 καὶ
544 2632 810 2682 Ἀμαζονίδες,
842 2630 1016 2681 πολέμου
1050 2630 1359 2682 ἐπιθυμήτειραι

353 2706 395 2746 ἔν
427 2722 514 2746 κοτε
545 2707 744 2761 παρραλίῃ
772 2703 948 2757 Ἐφέσου
981 2705 1120 2758 βρέτας
1153 2707 1367 2758 ἱδρύσαντο

164 2909 190 2948 l)
213 2912 305 2941 Plut.
330 2912 433 2942 Thes.
460 2913 496 2940 4:
525 2908 569 2951 „cfr
594 2911 680 2953 κριὸν
706 2909 911 2947 ἐναγίζουσι”.

163 2971 190 3011 ²)
216 2973 301 3011 γένος
325 2974 479 3010 laureatam
503 2973 524 3001 i.
550 2981 578 3001 e.
604 2972 822 3009 αὐτοχθόνων.
847 2970 897 3000 Cf.
923 2968 1080 3008 Toepffer
1104 2971 1173 2999 Att.
1198 2970 1283 2999 Gen.
1308 2978 1342 3007 p.
1368 2969 1442 3005 172,
1468 2969 1542 2998 310.

164 3031 190 3075 ³)
215 3033 289 3069 VII,
315 3034 346 3063 2.
373 3033 401 3063 ’7.

192 3091 380 3118 vamum.
1613 3084 1647 3111 10
