2200 3487
453 346 532 383 188
927 354 979 381 DE
1014 352 1299 381 EUGAMMONIS
1331 353 1587 381 TELEGONIA.

447 469 539 505 erat
568 467 787 514 vulgatus
816 467 951 505 Fures
977 468 1145 514 autem,
1176 467 1223 504 ut
1251 466 1301 504 de
1330 475 1430 512 rege
1457 465 1609 502 Amasi
1638 468 1880 512 taceamUS,
1911 474 2069 511 magno

445 541 504 578 ibi
544 541 587 578 in
630 541 791 579 honore
832 541 970 578 fuisse
1012 540 1080 578 vel
1123 540 1222 577 hinc
1264 540 1398 587 patet,
1443 539 1555 586 quod
1596 540 1638 576 in
1672 539 1869 586 Aegypto
1902 539 2073 577 exstitit

447 616 591 653 certus
634 615 736 653 ordo
778 616 1063 663 praedonum,
1105 615 1171 652 cui
1205 614 1451 661 praefectus
1483 615 1698 661 praeerat,
1732 613 1805 660 qui
1838 613 1951 651 bona
1981 623 2069 651 sur-

445 692 567 738 repta
606 690 932 737 possessoribus
974 690 1189 737 redderet,
1232 688 1270 725 si
1311 689 1512 734 quartam
1545 689 1672 735 pretii
1704 689 1871 735 partem
1904 688 2072 726 furibus

444 763 695 803 solvissent.

503 838 585 876 Sed
619 839 698 876 hac
731 839 782 876 de
814 849 860 877 re
887 839 977 877 iam
1006 839 1116 876 satis
1145 840 1233 885 est3
1263 847 1379 876 nunc
1406 837 1635 875 videamus
1662 839 1705 876 et
1729 837 2070 886 perpendamus,

444 923 553 959 quae
599 913 651 950 ab
695 913 948 951 auctoribus
990 913 1249 961 praesertim
1291 912 1603 950 recentioribus
1645 913 1696 950 de
1738 915 1888 950 nostra
1926 912 2074 951 fabula

443 988 532 1024 sint
574 988 756 1033 prolata.
798 989 919 1026 Inter
961 998 1088 1037 quos,
1133 988 1204 1035 qui
1243 987 1499 1035 primarium
1532 987 1677 1024 locum
1711 989 1910 1035 occupat,
1945 987 1988 1026 C.
2023 988 2069 1027 O.

444 1061 619 1100 Mueller
651 1063 713 1100 sic
744 1063 1029 1101 ratiocinatur
1061 1062 1232 1107 (Gesch.
1268 1061 1434 1100 Hellen.
1469 1061 1667 1099 stamme
1700 1071 1740 1100 u,
1775 1062 1836 1100 St.
1866 1062 1885 1099 Ι
1912 1072 1951 1110 p.
1977 1062 2070 1107 98):

448 1138 781 1185 „antiquissimo
828 1140 1025 1185 tempore
1067 1136 1235 1175 colonia
1274 1136 1519 1183 Minyarum
1565 1135 1837 1175 Orchomeno
1879 1137 2072 1184 profecta

442 1213 485 1249 in
528 1212 749 1259 Triphylia
790 1212 990 1250 consedit
1021 1211 1164 1259 ibique
1197 1213 1368 1259 septem
1402 1211 1532 1249 urbes
1565 1212 1793 1259 occupavit
1825 1211 1939 1249 Eleis
1971 1212 2071 1250 vici-

443 1296 523 1324 nas
556 1297 633 1324 nec
667 1287 851 1324 dubitari
884 1288 1046 1335 potest,
1082 1286 1186 1333 quin
1219 1285 1271 1323 ab
1304 1286 1424 1324 hisce
1458 1285 1624 1323 colonis
1657 1286 1840 1324 historia
1873 1287 1923 1324 de
1956 1286 2071 1324 furto

444 1372 468 1399 a
501 1361 744 1409 Trophonio
778 1364 821 1399 et
853 1361 1075 1408 Agamede
1107 1362 1149 1398 in
1183 1360 1391 1409 Hyriewm
1423 1361 1659 1398 commisso
1691 1361 1908 1399 translata
1938 1361 1995 1398 sit
2028 1361 2071 1399 in

447 1436 577 1474 Elidis
608 1446 746 1484 reyem
785 1436 981 1483 Δωρίωνι.
1016 1435 1132 1483 Quae
1165 1435 1352 1483 colonia,
1382 1445 1479 1473 cum
1509 1435 1551 1472 in
1580 1434 1803 1482 Triphylia
1830 1436 2076 1474 consederit

448 1523 532 1551 uno
575 1511 768 1549 alterove
811 1511 984 1549 saeculo
1017 1512 1116 1559 post
1146 1510 1517 1558 immigrationem
1551 1510 1761 1559 doricam,
1795 1510 1942 1549 fabula
1973 1521 2072 1558 quo-

449 1598 530 1635 que
571 1589 668 1624 tunc
709 1587 902 1635 temporis
944 1585 1160 1624 translata
1200 1586 1333 1623 suerit
1373 1595 1551 1623 necesse
1593 1588 1682 1632 est;
1728 1586 1841 1623 unde
1877 1586 2074 1633 sequitur

450 1668 558 1704 hanc
604 1664 900 1702 narrationem
950 1662 1125 1701 Graecis
1171 1664 1321 1700 notam
1363 1661 1498 1699 fuisse
1541 1663 1775 1708 antequam
1820 1662 1978 1700 melius
2020 1663 2074 1701 iis

447 1740 686 1780 innotuerit
715 1739 986 1786 Aegyptus.’'

510 1815 656 1863 Pergit
704 1825 742 1851 v,
791 1814 829 1851 d.
878 1824 917 1861 p.
971 1813 1074 1850 101:
1126 1814 1405 1860 „statuamus
1453 1811 1585 1859 igitur
1631 1812 1818 1859 lepidam
1866 1811 2070 1850 fabellam

448 1895 551 1930 tunc
597 1890 772 1927 demum
819 1890 861 1926 in
904 1889 1152 1935 Aegyptum
1196 1897 1292 1925 esse
1335 1887 1654 1934 transvectam,
1698 1896 1797 1924 cum
1840 1887 1957 1934 regio
1999 1887 2074 1925 illa

447 1967 527 2004 sub
580 1963 752 2011 regibus
806 1962 977 2000 Saiticis
1025 1961 1194 2009 graecis
1242 1960 1438 1998 moribus
1485 1961 1775 2007 imbueretur;
1825 1971 1924 1999 cum
1973 1971 2074 2000 vero

448 2040 586 2079 semel
626 2039 670 2076 in
713 2038 892 2076 annales
934 2037 1076 2084 regios
1110 2036 1376 2084 irrepsisset,
1411 2045 1508 2073 esse
1541 2036 1843 2083 pervulgatam
1879 2046 1904 2074 a
1935 2046 2075 2075 sacer-

449 2116 624 2154 dotibus
667 2112 1061 2160 interpretibusque
1102 2112 1174 2158 qui
1216 2120 1363 2148 coram
1396 2110 1636 2157 peregrinis
1668 2111 1858 2158 Aegypti
1889 2111 2075 2158 gloriam

450 2189 750 2239 quoquomodo
792 2197 949 2234 augere
991 2187 1241 2234 cuperent.'’
1284 2185 1446 2223 Deinde
1477 2195 1516 2232 p.
1555 2185 1659 2222 103:
1696 2185 2078 2233 „Psammetichus

450 2267 576 2304 Iones
603 2261 910 2311 stipendiarios
942 2261 986 2299 in
1018 2261 1221 2299 intimam
1257 2261 1423 2307 partem
1449 2260 1622 2307 imperii
1648 2260 1792 2308 duxit,
1821 2261 1894 2307 qui
1920 2271 2076 2308 pueros

450 2339 678 2388 aegyptios
713 2338 908 2384 linguam
941 2347 1144 2384 graecam
1176 2337 1401 2382 docerent3
1437 2344 1491 2372 ex
1523 2335 1591 2372 his
1622 2335 1769 2382 pueris
1801 2345 1939 2383 genus
1970 2336 2078 2374 illud

452 2416 741 2462 interpretum
790 2413 857 2450 est
904 2415 1049 2449 ortum
1095 2421 1120 2449 a
1165 2411 1321 2457 quibus
1367 2410 1583 2457 peregrini
1630 2411 1806 2456 mythos
1853 2412 2080 2458 aegyptios

452 2490 724 2537 acceperunt.
766 2487 974 2525 Ducentis
1016 2487 1144 2524 annis
1174 2487 1269 2534 post
1301 2485 1549 2523 Herodotus
1581 2486 1700 2523 venit
1730 2486 1773 2522 in
1805 2485 2078 2534 Aegyptum;

452 2564 553 2611 quid
586 2563 747 2601 mirum
780 2562 818 2599 si
849 2561 1034 2599 fabellae
1067 2570 1264 2609 graecae,
1297 2569 1405 2606 quas
1433 2559 1594 2597 milites
1622 2560 1687 2597 illi
1714 2560 1948 2608 discipulos
1974 2571 2078 2599 suos

452 2639 720 2684 docuissent,
744 2638 848 2674 tunc
870 2638 1046 2684 penitus
1068 2637 1112 2674 in
1130 2637 1445 2683 Aegyptiorum
1465 2637 1636 2672 mentes
1653 2637 1932 2683 penetrarant
1949 2638 2080 2683 atque

453 2725 477 2752 a
494 2713 791 2752 sacerdotibus
810 2712 919 2750 bono
939 2712 1158 2749 Herodoto
1176 2721 1252 2759 pro
1271 2711 1404 2749 meris
1422 2710 1703 2758 Aegyptiacis
1715 2712 1819 2747 sunt
1832 2709 2078 2749 venditae.'’

514 2789 706 2827 Muelleri
753 2788 912 2836 opinio,
963 2797 1094 2834 quam
1141 2787 1215 2824 alii
1262 2797 1301 2824 v,
1349 2786 1388 2824 d.
1416 2783 1442 2830 1)
1489 2795 1565 2833 pro
1606 2786 1769 2823 maiore
1811 2787 1933 2832 parte
1975 2786 2080 2822 sunt

502 2975 525 3017 ¹)
553 2976 759 3007 Gutschmid
799 2977 920 3006 Philol.
955 2976 983 3005 X
1014 2984 1046 3013 p.
1080 2977 1159 3011 654;
1195 2975 1373 3004 Dummler
1406 2976 1490 3003 Ann.
1522 2973 1554 3002 d.
1585 2973 1697 3002 Instit.
1728 2973 1813 3002 1885
1838 2981 1870 3010 p.
1898 2973 1960 3002 130
1985 2981 2077 3010 sqq.;

454 3037 663 3067 Studniczka
687 3038 821 3075 Kyrene
846 3048 878 3081 p.
905 3039 941 3072 6;
967 3038 1136 3067 svoronos
1159 3037 1241 3067 Gaz.
1267 3036 1366 3066 Arch.
1394 3036 1477 3065 1888
1503 3034 1578 3063 XIV
1601 3042 1634 3073 p.
1660 3033 1723 3063 257
1749 3041 1823 3071 sqq.
