2200 3487
851 393 904 421 Dm
936 393 1082 421 ΑῐΛοΕ.
1729 384 1778 421 17

212 514 435 553 Interdum
475 512 540 550 sic
581 512 700 549 arcte
744 509 963 548 coniuncti
1006 509 1126 555 sunt,
1171 508 1220 544 ut
1251 517 1403 545 revera
1435 517 1520 545 uno
1553 517 1625 545 ore
1658 507 1774 554 loqui

151 590 392 629 videantur.
427 587 472 625 Ε.
508 596 548 634 g.
587 587 638 622 M
667 586 750 624 265
786 595 904 632 sqq.:

444 660 655 713 ἀμφοτέρω
689 658 724 699 δ’
762 660 912 699 Αἴαντε
943 655 1203 698 κελευτιάοντ’
1239 657 1303 697 ἐπὶ
1333 659 1498 710 πύργων

443 733 612 777 πάντοσ’
650 735 869 786 ἐφοιτήτην
902 733 1021 786 μένος
1054 732 1289 785 ὀτρύνοντες
1322 737 1496 785 Ἀχαιῶν.

446 813 568 853 ἄλλον
599 809 840 865 μειλιχίοισ’,
871 811 992 852 ἄλλον
1025 814 1215 863 στερεοῖσι
1246 808 1431 861 Ῐέπεσσι,

439 887 630 940 ’νείκεον,
661 888 707 928 ὅν
739 903 826 927 τινα
857 888 987 940 πάγχυ
1020 887 1145 938 μάχης
1178 884 1368 937 μεθιέντα
1399 886 1569 925 Ηδοιεν·

444 961 509 1015 „rb
541 966 671 1015 φίλοι,
704 965 885 1016 Ἀργεΐων
919 966 1002 1003 etc.

208 1045 410 1093 Sequitur
441 1055 506 1083 vs.
543 1044 652 1082 277:

446 1114 498 1165 ὧς
530 1119 580 1158 τώ
613 1132 656 1170 γε
686 1116 933 1169 προβιβάντε
965 1116 1096 1167 μάχην
1130 1115 1309 1167 ὤτρυνον
1342 1118 1516 1166 Ἀχαιῶν.

207 1197 413 1235 Potestne
445 1195 642 1234 arctius?
674 1194 808 1233 Posse
840 1203 996 1242 negas,
1025 1194 1070 1231 at
1094 1193 1273 1241 superat
1298 1193 1427 1240 poeta
1451 1194 1574 1231 tuam
1604 1203 1778 1242 exspec-

147 1273 374 1312 tationem.

206 1349 326 1387 P747
342 1348 498 1387 Aiaces
512 1347 794 1386 conferuntur
808 1355 894 1383 una
907 1355 1006 1384 cum
1019 1355 1138 1393 rupe,
1155 1354 1264 1392 quae
1277 1343 1473 1382 fluminis
1486 1345 1606 1382 arcet
1619 1353 1699 1391 aqu
1707 1354 1776 1383 as:

446 1418 588 1461 Αἴαντ’
625 1419 848 1473 ἰσχανέτην,
879 1420 930 1467 ὥς
963 1434 1001 1458 τε
1033 1419 1145 1471 πρὼν
1180 1419 1330 1470 ἰσχάνει
1361 1419 1487 1470 ὕδωρ,

447 1498 488 1545 ὅς
520 1513 557 1537 τε
588 1497 655 1536 καὶ
686 1497 870 1548 ἰφθίμων
902 1502 1095 1547 ποταμῶν
1128 1494 1310 1548 ἀλεγεινὰ
1338 1493 1484 1547 ῥέεθρα

447 1575 563 1625 ἴσχει,
594 1573 704 1625 ἄφαρ
740 1571 783 1612 δέ
815 1588 853 1612 τε
885 1579 982 1611 πᾶσι
1015 1572 1111 1624 ῥόον
1144 1571 1332 1610 πεδίονδε
1364 1571 1501 1621 τίθησι

447 1650 615 1697 πλάζων·
650 1648 745 1689 οὐδέ
777 1647 816 1688 τέ
848 1664 915 1700 μιν
948 1647 1090 1687 σθένεϊ
1117 1647 1289 1700 ῥηγνῦσι
1321 1645 1486 1699 ῥέοντες·

449 1721 501 1772 ὧς
534 1724 611 1764 αἰεὶ
644 1725 792 1764 Αἴαντε
825 1725 955 1776 μάχην
988 1723 1211 1776 ἀνέῐεργον
1244 1721 1395 1762 ὀπίσσω

451 1801 610 1853 Τρώων.

205 1879 405 1928 Quinimo
433 1878 608 1927 propius
637 1877 966 1916 attendentibus
993 1886 1080 1915 non
1106 1876 1272 1925 potest,
1302 1875 1405 1923 quin
1434 1876 1572 1914 risum
1601 1878 1779 1915 moveat

151 1955 416 2003 comparatio
460 1955 503 1992 N
546 1955 625 1993 197
673 1964 764 2001 sqq.
809 1954 999 1992 Leonem
1042 1953 1159 1992 enim
1204 1952 1375 1992 auferre
1417 1952 1650 2002 capellam,
1686 1954 1782 2001 quis

149 2032 366 2071 miratur?
413 2031 570 2069 Mirum
619 2030 753 2079 igitur
804 2039 889 2068 non
930 2029 1105 2078 fuisset,
1149 2029 1196 2067 si.
1220 2028 1432 2068 alteruter
1463 2029 1576 2068 Aiax
1606 2029 1780 2068 hostem

149 2117 299 2146 secum
342 2116 525 2146 verrens
568 2116 668 2144 cum
701 2105 828 2144 leone
861 2105 1075 2154 capellam
1107 2105 1300 2153 rapiente
1333 2105 1614 2153 comparatus
1641 2107 1779 2153 esset,

150 2183 220 2221 vel
267 2184 304 2221 si
346 2183 498 2222 ambos
539 2182 696 2221 Aiaces
738 2192 837 2220 cum
881 2181 1047 2219 duobus
1089 2180 1288 2219 leonibus
1329 2181 1559 2219 victimam
1601 2181 1780 2219 maioris

149 2260 346 2297 staturae
404 2268 534 2305 quam
588 2259 656 2296 est
708 2257 872 2306 capella
924 2267 1073 2295 secum
1116 2256 1411 2306 trahentibus,
1455 2256 1612 2295 bovem
1654 2258 1779 2305 puta,

151 2334 412 2373 contulisset
454 2335 597 2382 poeta.
642 2333 749 2381 Quid
783 2343 885 2371 vero
918 2333 1052 2371 fecit?
1084 2331 1252 2371 Ambos
1284 2332 1442 2370 Aiaces
1474 2331 1643 2370 duobus
1680 2342 1779 2371 cum

148 2410 347 2449 leonibus
380 2409 567 2457 confert,
603 2409 676 2456 qui
702 2409 835 2447 simul
862 2418 997 2447 unam
1027 2408 1287 2456 absportant
1315 2407 1527 2456 capellam
1557 2430 1608 2435 —
1639 2408 1781 2457 capite

151 2486 360 2524 nimirum
392 2486 435 2523 et
466 2484 626 2524 cauda!

448 2559 498 2606 ὥς
531 2573 569 2598 τε
602 2555 666 2598 δύ’
703 2554 795 2610 αἶγα
827 2557 959 2598 λέοντε
990 2565 1126 2598 κυνῶν
1158 2559 1237 2597 ὕπο
1269 2559 1602 2610 καρχαροδόντων

446 2632 670 2685 ἁρπάξαντε
702 2633 878 2685 φέρητον
910 2633 989 2672 ἀνὰ
1022 2634 1183 2686 ῥωπήια
1215 2634 1352 2674 πυκνὰ

444 2707 573 2760 ὑψόθ’
610 2708 710 2762 ὑπὲρ
743 2710 858 2762 γαίης
891 2709 987 2761 μετὰ
1018 2714 1281 2766 γαμφηλῇσιν
1314 2710 1464 2763 ἔχοντε,

445 2781 497 2833 ὧς
529 2786 579 2839 ῥα
612 2786 679 2826 τὸν
713 2783 845 2836 ὑψόθ’
881 2785 1012 2837 ἔχοντε
1044 2787 1128 2826 δύω
1162 2787 1309 2826 Αἴαντε
1340 2787 1513 2839 κορυστὰ

443 2860 568 2913 τεύχε’
608 2861 817 2913 ἕσυλήτην.

208 2939 524 2978 Animadverte
559 2939 719 2978 ultima
751 2938 906 2978 verba:
941 2935 1072 2987 ὑψόθ’
1110 2938 1242 2990 ἔχοντε
1276 2937 1491 2989 ἐσυλήτηνῑ
1528 2939 1616 2987 Quo
1648 2939 1776 2978 modo

145 3014 187 3052 id
218 3014 509 3062 perpetrarint
541 3024 630 3053 non
662 3014 790 3053 facile
822 3014 968 3052 hercle
1002 3014 1249 3062 explicaris.
1280 3015 1450 3062 Quanto
1477 3015 1632 3053 melior
1660 3025 1775 3054 com-

148 3090 333 3138 paratio,
368 3100 476 3136 quae
505 3091 654 3129 exstat
684 3091 721 3127 Γ
754 3091 808 3128 23
842 3100 960 3137 sqq.:

222 3159 411 3187 V'Ua'rnrm.
1652 3159 1669 3185 ‘2
