2141 3487
782 327 834 355 Dr:
871 326 1012 355 AIACE.
1657 316 1710 351 :35

79 447 324 495 antiquam,
374 444 667 491 antiquiorem
716 442 839 481 illam
888 444 1064 480 statuae
1111 442 1299 480 formam
1341 462 1397 466 —
1438 441 1475 478 si
1518 451 1711 489 unquam

79 523 180 561 talis
216 523 259 560 in
292 531 389 560 arce
421 520 620 559 stetisset
655 541 704 546 -—
741 529 841 557 cum
875 518 1117 557 recentiore
1149 517 1295 564 aliqua
1327 517 1711 555 commutaverint.

76 599 237 646 Immo,
271 597 309 635 si
340 598 492 635 statua
518 596 676 634 sedens
704 605 898 643 unquam
926 605 1080 633 revera
1108 595 1151 633 in
1179 604 1277 633 arce
1303 594 1477 643 fuisset,
1497 594 1713 633 tenaciter

75 674 262 713 formam
310 673 521 712 traditam
569 673 842 711 servassent.
885 671 938 709 Et
981 681 1079 710 cum
1122 671 1280 710 ceteris
1321 670 1364 708 in
1407 671 1557 709 Iliadis
1588 670 1712 709 libris

75 757 294 796 nusquam
342 748 537 787 Minerva
577 749 694 787 intra
740 748 892 787 Troiae
935 747 1111 786 moenia
1152 748 1378 796 appareat,
1423 747 1499 785 sed
1540 757 1712 795 semper

72 826 163 864 stet
208 825 260 863 ab
311 825 589 864 Achaeorum
620 825 838 873 partibus,
876 825 970 863 tute
1014 825 1212 862 statuere
1255 833 1494 872 possumus
1536 823 1708 862 Troiam

76 899 225 939 Iliadis
257 923 311 927 —
345 911 431 940 non
464 901 558 940 dico
592 901 815 948 Odysseae
850 922 901 927 —
936 900 1115 939 omnino
1148 900 1228 938 dea
1253 900 1448 938 Minerva
1474 899 1679 938 caruisse.

134 976 192 1015 At
233 977 346 1016 unde
387 977 545 1026 petivit
585 976 875 1025 interpolator
917 976 1136 1014 Minervae
1178 976 1418 1023 imaginem
1451 975 1710 1014 sedentem?

75 1051 188 1091 Nam
230 1052 443 1101 abripitur
486 1053 660 1101 quidem
703 1063 830 1092 mens
871 1053 1071 1091 Athenas
1113 1051 1204 1100 ubi,
1250 1053 1298 1090 ut
1339 1052 1381 1090 in
1427 1053 1457 1089 Z
1494 1051 1561 1101 fit,
1606 1053 1710 1091 deae

73 1125 219 1173 πέπλος
261 1129 408 1167 offerri
449 1128 639 1177 solebat,
676 1128 752 1167 sed
784 1128 972 1167 Athenis
1003 1124 1027 1177 ἡ
1064 1127 1216 1173 Πολιάς
1247 1129 1373 1166 stans
1406 1128 1710 1176 aspiciebatur.

75 1203 348 1252 Quamquam
382 1204 529 1254 igitur,
565 1204 677 1252 quod
710 1204 763 1242 ad
797 1206 969 1243 vestem
1003 1204 1198 1243 oblatam
1229 1204 1406 1252 attinet,
1437 1203 1582 1242 cultus
1608 1205 1651 1242 in
1679 1207 1710 1242 Z

72 1279 317 1329 descriptus
373 1291 472 1320 cum
520 1281 798 1320 Athenarum
845 1280 920 1319 illo
970 1281 1196 1330 convenit,
1246 1281 1497 1318 statuarum
1544 1280 1712 1319 formae

71 1367 250 1406 prorsus
283 1357 503 1396 differunt.
536 1358 619 1396 Sed
652 1359 696 1396 et
728 1357 866 1396 altera
898 1357 1093 1396 oboritur
1126 1357 1345 1405 quaestio,
1380 1356 1493 1395 unde
1526 1356 1710 1395 Ilienses

73 1434 227 1482 postea
283 1438 351 1483 τῆς
400 1429 600 1485 Ἐργάνης
647 1434 855 1482 petierint
901 1433 1090 1472 formam
1138 1434 1332 1472 stantem
1383 1432 1527 1472 colum
1574 1443 1708 1472 manu

73 1510 318 1550 tenentem.

133 1585 335 1633 Erythris
376 1585 419 1624 in
462 1585 630 1624 colonia
661 1586 1000 1625 Atheniensium
1033 1586 1345 1625 vetustissima
1376 1584 1479 1625 Chio
1513 1587 1711 1635 opposita

76 1661 289 1709 Smyrnae
321 1660 366 1699 in
399 1661 557 1700 vicinia
588 1683 644 1687 —
675 1671 782 1709 quas
809 1662 939 1700 urbes
967 1672 1066 1701 cum
1094 1661 1276 1700 Homeri
1301 1662 1480 1700 nomine
1511 1663 1709 1701 coniunc-

73 1736 274 1776 tissimas
316 1737 531 1776 attendite
574 1760 627 1765 —
673 1737 896 1776 colebatur
937 1738 1134 1776 Minerva
1175 1738 1319 1776 sedens
1351 1738 1493 1777 colum
1526 1741 1710 1786 utraque

75 1822 211 1851 manu
249 1814 406 1852 tenens
447 1813 591 1858 (Paus.
636 1813 734 1863 VII,
770 1815 807 1852 5.
841 1814 895 1859 9).
930 1813 1144 1862 Quoniam
1177 1813 1387 1862 philologi
1420 1814 1502 1852 hac
1533 1815 1706 1862 quidem

74 1889 118 1928 in
151 1900 196 1928 re
228 1900 328 1928 cum
360 1891 489 1938 poeta
512 1889 668 1938 hymni
696 1889 912 1938 Apollinis
940 1889 1128 1939 faciunt,
1157 1889 1270 1937 quod
1298 1890 1552 1939 Smyrnam,
1583 1890 1708 1929 aeoli-

74 1975 171 2004 cam
203 1965 308 2004 olim
341 1965 492 2004 urbem
526 1964 680 2004 deinde
712 1965 903 2003 ionicam
937 1964 1099 2012 aliquid
1134 1965 1178 2003 in
1211 1964 1361 2003 Iliadis
1393 1962 1541 2015 γενέσει
1573 1965 1708 2004 fuisse

73 2042 249 2091 putant,
307 2042 471 2080 mirum
526 2051 612 2080 non
668 2041 782 2080 foret
838 2041 875 2079 si
920 2040 1208 2089 interpolator
1253 2041 1421 2079 ionicus
1466 2041 1705 2089 imaginem

73 2117 293 2156 Minervae
340 2117 564 2156 sedentem
613 2117 849 2165 petivisset
895 2117 1112 2165 Erythris.
1163 2116 1293 2155 Colus
1341 2127 1528 2166 quoque,
1579 2127 1707 2165 quem

73 2193 302 2232 Iliensium
329 2194 525 2232 Minerva
551 2203 686 2231 manu
712 2192 904 2241 tenebat,
935 2191 1039 2231 hinc
1065 2192 1255 2230 fortasse
1274 2191 1462 2230 devenit.
1484 2192 1705 2240 Imagines

74 2269 275 2308 sedentes
317 2272 360 2308 et
401 2268 504 2307 alibi
539 2268 696 2317 fuisse,
728 2270 834 2317 puta
864 2268 1107 2317 Phocaeae,
1143 2267 1239 2306 Chii
1272 2269 1466 2314 constat;
1501 2268 1706 2315 opinatus

73 2346 141 2383 est
188 2344 491 2392 Furtwangler
533 2344 706 2388 (Rosch.
750 2344 854 2383 Lex.
899 2344 918 2381 I
958 2354 998 2392 p.
1043 2344 1144 2389 690)
1179 2344 1367 2382 Athenis
1399 2354 1568 2391 quoque
1601 2344 1705 2383 deae

74 2421 314 2469 imaginem
346 2420 482 2459 fuisse
510 2421 736 2460 sedentem
772 2422 815 2460 et
846 2431 1001 2459 revera
1032 2422 1183 2459 narrat
1215 2421 1458 2459 Pausanias
1491 2421 1536 2470 (I,
1567 2422 1637 2473 26,
1667 2424 1706 2466 4)

72 2497 299 2535 Endoeum
328 2495 603 2546 Cretensem,
631 2497 704 2544 qui
730 2497 970 2545 imaginem
994 2497 1242 2545 sculpserat
1259 2497 1566 2546 Erythraeam,
1588 2497 1704 2536 simi-

72 2573 160 2612 lem
193 2573 414 2620 quandam
445 2573 623 2611 vovisse
655 2572 856 2611 Athenis,
889 2572 1085 2619 Utraque
1119 2574 1268 2611 autem
1300 2574 1514 2620 quantum
1540 2573 1704 2612 scimus

73 2649 212 2689 caruit
257 2649 363 2688 colo.
417 2649 579 2698 Quodsi
626 2647 878 2687 Loeschcke
922 2645 988 2698 (A.
1032 2648 1085 2687 M.
1128 2648 1187 2686 IV
1220 2649 1319 2694 305)
1352 2649 1447 2687 iure
1480 2650 1706 2688 contendit

71 2725 296 2764 Endoeum
339 2726 564 2764 exstitisse
597 2724 741 2763 medio
774 2724 949 2763 saeculo
982 2726 1127 2774 sexto,
1162 2734 1302 2772 neque
1333 2725 1496 2763 iniuria
1528 2725 1703 2764 conieci-

71 2811 172 2840 mus
202 2801 442 2849 imaginem
475 2801 766 2848 Erythraeam
797 2800 1104 2848 interpolatori
1134 2800 1233 2839 libri
1266 2802 1297 2837 Z
1323 2800 1461 2840 fuisse
1488 2801 1703 2850 exemplo,

70 2876 277 2915 inventus
319 2878 387 2915 est
427 2876 647 2915 terminus
685 2877 784 2925 post
817 2886 948 2923 quem
980 2886 1135 2915 versus
1162 2876 1414 2925 interpolati
1445 2876 1489 2914 in
1522 2876 1704 2914 Iliadem

69 2954 173 2991 sunt
202 2952 455 2992 introducti.
482 2951 647 2991 Endoei
675 2962 804 3000 opera
831 2952 1046 3000 singulari
1073 2954 1167 2991 arte
1193 2953 1331 2991 fuisse
1357 2952 1548 3000 insignia
1575 2961 1700 3000 appa-

69 3028 137 3065 ret
183 3037 205 3065 e
244 3027 490 3066 Pausaniae
532 3027 677 3066 verbis
720 3027 834 3076 (VII,
875 3028 914 3066 5.
950 3028 1010 3077 9),
1044 3028 1119 3066 ubi
1152 3028 1203 3066 de
1235 3027 1427 3075 imagine
1460 3027 1701 3074 Erythraea
