2200 3487
435 332 490 368 40
1127 336 1180 362 DE
1213 334 1357 361 Amcss.

436 454 690 502 Depingitur
731 451 934 490 Palladiis
976 447 1294 494 antiquissimis
1336 445 1474 483 telum
1507 443 1779 482 vibrantibus
1810 442 2059 490 simillima;

435 530 615 568 vocatur
642 527 962 574 Obrimopatra,
991 521 1332 570 Alalcomeneis‚
1362 520 1516 559 Itonia.
1544 520 1651 559 Ecce
1670 529 1704 558 e.
1724 530 1763 567 g.
1785 520 1820 555 Ε
1838 518 1922 556 736
1940 526 2055 564 sqq.:

730 599 753 651 ἡ
788 598 829 639 δὲ
860 596 983 651 χιτῶν’
1021 596 1170 636 ἐνδῦσα
1203 594 1298 642 Διὸς
1330 593 1636 646 νεφεληγερέταο

729 676 902 726 τεύχεσιν
935 672 972 719 ἐς
1003 672 1178 721 πόλεμον
1206 667 1456 722 ’θωρήσσετο
1491 668 1736 721 δακρυόεντα

731 749 769 797 ἐς
802 747 838 789 δ’
875 748 965 800 ὄχεα
998 747 1148 799 φλόγεα
1180 743 1273 786 πόσ’
1312 745 1489 798 ἐβήσετο,
1519 746 1651 792 λάζετο
1685 741 1722 784 δ’
1758 744 1867 797 ἔγχος

731 824 855 876 βριθὺ
889 823 986 875 μέγα
1019 822 1209 874 στιβαρόν
1245 847 1296 852 -—-
1333 819 1635 872 Άλαλκομενηὶς
1662 820 1824 870 Ἀθηνή.

495 905 571 942 Est
597 903 673 941 dea
702 912 832 949 quam
861 901 1122 949 gloriantem
1151 899 1353 938 audimus
1380 899 1494 947 apud
1521 898 1678 938 Aesch.
1707 897 1830 935 Eum.
1859 906 1925 934 vs.
1951 896 2060 934 827:

730 975 796 1014 καὶ
827 975 977 1030 κλῇδας
1010 970 1101 1013 οἶδα
1134 974 1315 1024 δώματος
1348 973 1451 1024 μόνη
1483 977 1595 1012 θεῶν

732 1050 773 1090 ἐν
806 1047 835 1105 ᾧ
868 1049 1064 1102 κεραυνός
1098 1048 1204 1088 ε’στιν
1238 1046 1564 1101 ἐσφραγισμένος.

496 1129 611 1168 Iovis
643 1130 692 1167 ub
724 1127 879 1166 induat
912 1137 1036 1165 arma
1068 1127 1192 1165 exuit
1221 1123 1374 1164 πέπλον
1404 1123 1409 1175 Ι
1438 1124 1625 1163 ποικίλον
1659 1123 1704 1162 ὅν
1738 1120 1771 1175 ῤ’
1808 1121 1910 1173 αὐτὴ
1936 1118 2069 1171 ’ποιή-

439 1216 532 1242 σατο
573 1201 638 1241 καὶ
677 1198 793 1252 ’κάμε
830 1201 959 1252 χερσί;
992 1203 1166 1240 vestem
1200 1201 1346 1249 igitur,
1380 1200 1555 1248 qualem
1589 1202 1740 1249 Ἀθηνᾶ
1768 1195 1943 1250 Ἐργάνη
1974 1199 2065 1236 tam

436 1291 567 1319 suum
608 1278 746 1327 ipsius
786 1278 830 1315 in
870 1287 1002 1316 usum
1045 1287 1176 1324 quam
1219 1277 1465 1315 ceterarum
1497 1276 1677 1314 dearum
1710 1275 1754 1313 in
1786 1273 2064 1313 commodum

435 1357 578 1395 facere
621 1353 802 1393 solebat.
844 1353 1068 1391 Eiusmodi
1109 1352 1287 1401 peplum
1331 1352 1483 1399 quinto
1525 1360 1694 1399 quoque
1726 1360 1838 1389 anno
1871 1349 1922 1388 ab
1956 1347 2067 1400 ἐργα-

438 1431 590 1476 στίυαις
622 1429 966 1468 Atheniensibus
1000 1428 1256 1476 accipiebat..

493 1507 644 1545 Altera
687 1507 755 1545 est
796 1506 990 1544 Minerva
1033 1504 1158 1543 cuius
1190 1504 1233 1541 in
1268 1505 1299 1540 Z
1331 1502 1380 1541 fit
1412 1502 1599 1551 mentio,
1634 1511 1762 1550 quae,
1796 1500 1919 1548 quasi
1950 1500 2070 1539 esset

437 1583 555 1622 urbis
589 1584 791 1631 patrona,
823 1580 988 1629 templo
1021 1580 1065 1618 in
1099 1589 1196 1618 arce
1223 1579 1422 1628 praedita
1447 1577 1718 1617 describitur.
1746 1577 1805 1615 Ut
1830 1575 2073 1623 Erythraea

438 1660 631 1698 Minerva
677 1658 834 1696 sedens
873 1657 917 1694 in
960 1656 1117 1694 throno
1159 1655 1421 1703 depingitur,
1466 1654 1651 1692 donatur
1690 1652 1814 1700 peplo
1855 1661 1941 1689 non
1983 1650 2070 1697 qui-

440 1735 538 1773 dem
582 1734 647 1772 die
690 1733 823 1781 festo,
857 1731 932 1771 sed
965 1741 1047 1779 quo
1080 1732 1279 1779 tempore
1311 1731 1542 1768 matronae
1575 1728 1787 1767 Troianae
1819 1736 1945 1775 opem
1979 1726 2074 1764 eius

440 1810 741 1858 deprecantur.

498 1885 529 1923 E
564 1884 764 1923 versibus
799 1885 830 1920 Z
865 1883 948 1921 302
983 1892 1098 1929 sqq:

732 1956 756 2009 ἡ
792 1955 828 1997 δ’
866 1956 944 2009 ἄρα
975 1955 1127 1996 πέπλον
1155 1955 1299 1996 ε’λοῦσα
1336 1955 1474 1995 Θεανὼ
1507 1953 1775 2008 καλλιπάρῃος

730 2030 875 2084 ’θῆκεν
908 2032 1125 2083 Ἀθηναίης
1158 2030 1222 2071 ε’πὶ
1253 2031 1448 2084 γούνασιν
1480 2029 1676 2081 ἠυκόμοιο

736 2107 927 2160 εὐχομένη
961 2105 995 2146 δ’
1032 2106 1153 2160 ἠρᾶτο
1185 2106 1282 2154 Διὸς
1313 2107 1439 2160 κούρῃ
1471 2105 1667 2158 μεγάλοιο·

739 2181 892 2234 ,πότνι’
931 2183 1147 2234 Ἀθηναίη,
1179 2182 1403 2234 ῥυσίπτολι,
1435 2182 1503 2220 δῖα
1535 2180 1688 2231 θεάων,

736 2261 862 2307 ,Ρᾶξον
897 2259 946 2310 δὴ
979 2258 1089 2311 ἔγχος
1123 2258 1350 2309 Διομήδεος
1382 2255 1454 2309 ἠδὲ
1486 2255 1553 2296 καὶ
1584 2255 1706 2296 αὐτὸν

737 2334 890 2387 πρηνέα
924 2334 991 2382 δὸς
1024 2333 1191 2385 πεσέμεν

445 2414 622 2461 apparet
656 2413 766 2451 hanc
798 2422 965 2459 quoque
997 2412 1125 2450 deam
1159 2412 1207 2449 ut
1234 2410 1423 2449 ltoniam
1451 2413 1544 2448 tam
1571 2409 1790 2457 Erganam
1817 2416 1948 2454 quam
1975 2406 2071 2444 Pro-

444 2488 650 2526 machum
677 2487 812 2525 fuisse
842 2510 893 2514 —
923 2489 972 2525 ut
1003 2488 1098 2535 ipsa
1130 2497 1200 2525 res
1232 2486 1413 2525 ferebat.
1448 2485 1565 2523 Alibi
1597 2485 1641 2522 in
1674 2483 1809 2522 Iliade
1841 2492 1927 2521 non
1960 2492 2076 2530 repe-

444 2563 568 2611 ritur,
616 2562 807 2609 quinimo
840 2563 968 2601 unico
1000 2563 1095 2601 loco
1128 2562 1202 2601 ubi
1233 2562 1277 2600 in
1309 2571 1515 2600 scaenam
1550 2559 1742 2608 procedit
1774 2568 1900 2607 opem
1932 2556 2076 2606 deplo-

446 2639 590 2676 ratam
623 2637 822 2675 Troianis
857 2638 1066 2686 denegat:

1240 2711 1404 2751 ἀνένευε
1438 2709 1480 2750 δὲ
1512 2708 1675 2756 Παλλὰς
1708 2708 1880 2758 Ἀθήνηῐ

505 2788 612 2837 Quid
641 2788 741 2826 huic
767 2789 937 2826 numini
965 2799 1064 2827 cum
1092 2789 1319 2828 Troianis?
1346 2787 1461 2826 Nihil
1487 2788 1616 2825 certe.
1636 2786 1782 2832 Neque
1800 2783 2073 2832 inimicitiae,

447 2874 557 2911 quae
605 2863 717 2901 inter
764 2863 1003 2901 Minervam
1051 2866 1094 2902 et
1140 2864 1297 2903 Aiaces
1345 2864 1542 2911 exstant,
1585 2861 1735 2899 haberi
1776 2861 1959 2908 possunt
2001 2869 2076 2907 pro

447 2938 719 2977 solemnibus
756 2938 1016 2986 inimicitiis,
1053 2939 1202 2985 quales
1234 2940 1349 2977 inter
1375 2938 1495 2977 urbis
1523 2936 1751 2975 cuiusdam
1777 2936 2008 2983 patronam
2037 2935 2080 2972 et

450 3014 578 3056 huius
626 3013 745 3052 urbis
792 3015 1110 3062 oppugnatores
1160 3015 1305 3064 vigere
1352 3013 1510 3052 solent.
1558 3012 1668 3053 Nam
1711 3020 1987 3058 nequaquam
2031 3011 2079 3049 ut
