2141 3487
785 314 838 341 DE
869 314 1014 342 ΑῑΑοΕ.
1663 305 1716 342 ‚59

90 429 202 468 infra
248 429 390 467 fusius
436 437 636 476 agemus,
688 436 786 465 cum
836 427 878 465 in
922 426 1135 465 Troadem
1180 427 1420 474 venissent,
1465 426 1521 464 ibi
1556 437 1723 474 quoque

89 505 202 543 inter
245 503 517 552 Hellesponti
556 502 725 541 accolas
769 502 924 541 Teucri
964 512 1123 540 nomen
1157 501 1293 540 latere
1328 501 1586 540 audiebant:
1621 503 1723 540 vidi-

91 589 190 618 mus
231 578 347 617 enim
390 578 501 626 apud
535 578 804 616 Herodotum
839 577 1061 625 Gergithis
1095 577 1215 615 cives
1249 576 1459 625 appellari
1494 576 1724 625 Gergithes

90 654 290 693 Teucros.
339 653 496 692 Poetae
544 653 676 701 igitur
708 662 792 691 non
827 654 1047 701 poterant,
1090 653 1190 699 quin
1225 652 1404 691 heroem
1437 652 1721 701 Locrensem,

88 731 160 778 qui
190 729 321 768 simul
355 739 455 768 cum
484 730 615 768 Aiace
640 729 682 768 in
711 729 864 768 Asiam
892 728 1162 777 traiecisset,
1193 727 1388 766 facerent
1415 728 1719 776 Troiugenam.

148 805 255 845 Ecce
297 807 444 844 autem
489 805 658 854 Graeci,
702 805 774 853 qui
812 805 910 843 inde
944 815 968 842 a
1001 814 1114 842 nono
1147 803 1320 842 saeculo
1355 802 1544 852 Cyprum
1580 804 1719 842 venie-

87 881 209 930 bant,
245 881 302 919 ibi
329 891 496 928 quoque
529 881 795 920 Teucrorum
824 891 981 919 nomen
1002 890 1024 919 e
1043 879 1193 918 Cilicia
1220 880 1548 927 transgressum
1576 889 1720 927 reppe-

85 957 246 995 rerunt.
276 956 383 1005 Quid
413 957 588 1005 mirum,
635 957 671 994 si
704 966 753 995 eo
796 957 944 995 audito
977 965 1198 994 memores
1230 955 1334 994 facti
1368 955 1459 993 sint
1491 954 1723 993 Locrensis

86 1031 248 1080 herois,
299 1032 370 1078 qui
418 1031 550 1070 simul
592 1042 692 1070 cum
741 1032 872 1070 Aiace
916 1043 937 1070 e
981 1031 1161 1070 Locride
1194 1031 1246 1069 ad
1280 1030 1428 1069 sinum
1465 1030 1722 1069 Saronicum

84 1108 382 1146 descendisset
423 1107 778 1155 Salaminemque
812 1107 1062 1146 habitaret?
1106 1107 1213 1155 Quid
1247 1106 1431 1155 mirum,
1467 1106 1503 1144 si
1537 1105 1722 1144 atthido·

85 1184 238 1232 graphi
265 1184 415 1231 postea
442 1181 654 1231 fingerent
682 1183 898 1222 Teucrum
928 1182 1196 1221 Salaminem
1226 1181 1510 1229 effugientem
1530 1181 1720 1230 Cyprum

87 1259 266 1297 duxisse
298 1258 538 1297 coloniam!

147 1335 236 1384 Quo
278 1335 394 1374 facto
428 1335 587 1384 duplici
620 1336 748 1375 modo
781 1337 1044 1375 renovatum
1079 1336 1174 1373 erat
1208 1335 1451 1383 vinculum,
1487 1333 1597 1380 quod
1630 1333 1718 1371 iam

89 1411 245 1460 priscis
300 1411 575 1460 temporibus
633 1412 748 1450 inter
796 1411 986 1450 Teucros
1034 1410 1239 1450 Graeciae
1288 1412 1331 1450 et
1377 1411 1509 1449 Asiae
1557 1409 1725 1447 incolas

89 1488 337 1526 exstiterat.
382 1487 463 1525 Sed
507 1497 605 1526 cum
639 1486 784 1535 Cyprii
818 1487 994 1535 Gergini
1027 1487 1406 1535 consanguinitate
1440 1497 1538 1525 cum
1578 1485 1722 1532 Gergi-

88 1563 237 1601 thibus
279 1563 492 1602 Troadem
535 1562 827 1601 incolentibus
869 1562 1088 1601 coniuncti
1130 1562 1380 1601 viderentur
1424 1563 1553 1609 atque
1585 1561 1721 1610 perhi-

88 1639 241 1677 berent
282 1648 328 1677 se
371 1638 476 1677 olim
511 1648 532 1676 e
569 1638 734 1676 Troade
776 1638 819 1676 in
863 1637 1060 1676 Ciliciam
1094 1639 1137 1676 et
1170 1638 1269 1675 inde
1303 1636 1493 1686 Cyprum
1527 1637 1718 1684 venisse,

89 1714 224 1752 Troas
256 1714 570 1762 pedetemptim
603 1713 823 1762 omnium,
855 1715 1068 1761 quotquot
1111 1713 1378 1752 Teucrorum
1416 1723 1576 1751 nomen
1609 1721 1722 1759 gere-

86 1789 209 1838 bant,
258 1789 499 1827 habebatur
546 1791 663 1827 terra
705 1790 861 1837 patria.
905 1789 1057 1827 Fiebat
1100 1789 1235 1827 Troas
1277 1786 1301 1838 ἡ
1338 1786 1502 1839 Τευκρὶς
1545 1782 1632 1835 αἶα,
1673 1788 1721 1825 ut

87 1865 244 1904 cecinit
276 1865 522 1913 Aeschylus
554 1865 597 1902 in
630 1865 980 1913 Agamemnone.

143 1941 270 1980 Haud
310 1941 438 1980 facile
480 1941 644 1979 dixeris
687 1943 901 1988 quantuni
943 1942 1087 1990 poeta,
1123 1941 1264 1989 qualis
1296 1940 1378 1979 fuit
1411 1939 1625 1988 Callinus,
1666 1939 1717 1977 ad

84 2017 348 2056 Teucrorum
390 2027 550 2055 nomen
584 2027 605 2055 e
639 2017 825 2065 caligine
868 2017 1112 2056 eruendum
1150 2016 1452 2056 contribuerit.
1486 2016 1567 2054 Hic
1600 2015 1717 2054 enim

87 2092 254 2131 multus
300 2092 435 2131 fuisse
485 2092 657 2130 videtur
703 2093 746 2130 in
796 2092 958 2131 talibus
1006 2092 1152 2142 rebus,
1203 2103 1301 2131 cum
1346 2093 1389 2131 in
1436 2092 1719 2141 paucissimis

84 2168 362 2217 fragmentis,
400 2178 522 2214 >quae
571 2168 609 2206 ei
651 2168 919 2217 tribuuntur,
965 2169 1014 2206 de
1057 2170 1267 2215 quattuor
1299 2169 1504 2216 gentibus
1547 2168 1721 2206 aliunde

86 2243 174 2282 fere
206 2243 368 2291 ignotis
400 2244 672 2282 mentionem
705 2244 870 2284 fecerit.

146 2318 310 2366 Operae
355 2319 542 2366 pretium
594 2320 659 2357 est
702 2330 802 2358 cum
846 2320 1111 2359 Teucrorum
1145 2320 1329 2358 historia
1362 2319 1574 2368 conferre,
1608 2330 1717 2366 quae

85 2393 332 2432 Herodotus
380 2394 431 2432 de
478 2394 623 2442 Lyciis
667 2396 864 2435 tradidit.
912 2396 994 2444 „Hi
1037 2407 1205 2443 quoque
1249 2407 1270 2434 e
1309 2395 1435 2434 Creta
1476 2395 1718 2442 antiquitus

85 2469 261 2507 venisse
309 2469 529 2518 dicuntur,
578 2471 653 2508 sed
701 2471 922 2518 fugientes
972 2474 1190 2510 venerunt
1232 2472 1274 2509 in
1319 2471 1541 2518 regionem
1591 2470 1722 2508 Asiae

87 2543 280 2582 Μιλυάδα
322 2545 603 2593 appellatam.
648 2546 728 2584 Sed
773 2556 873 2585 cum
907 2547 1107 2594 Milyadis
1141 2547 1309 2585 incolae
1338 2557 1426 2585 non
1460 2546 1636 2594 Milyae,
1671 2547 1717 2583 ut

85 2622 334 2669 exspectas,
371 2620 703 2669 appellabantur
735 2621 810 2659 sed
851 2621 1037 2670 Solymi,
1080 2622 1202 2670 Lycii
1234 2624 1376 2660 semet
1410 2622 1529 2670 ipsos
1562 2621 1719 2659 indica-

85 2694 190 2733 bant
236 2696 413 2734 nomine
466 2697 684 2745 Τερμιλῶν,
732 2696 868 2735 donec
910 2697 1053 2745 Lycus
1098 2697 1334 2736 Pandionis
1375 2696 1489 2735 filius
1532 2697 1719 2735 Athenis

79 2770 289 2818 profugus
337 2781 467 2810 suum
516 2773 570 2810 iis
617 2773 865 2820 impertivit
907 2775 1113 2811 nomen.”
1165 2773 1341 2811 Satisne
1387 2773 1568 2811 confusa
1611 2773 1717 2811 haec

81 2846 260 2884 omnia?
309 2846 455 2886 Credo.
504 2848 628 2886 Nunc
672 2858 773 2886 vero
814 2858 907 2886 rem
944 2849 1194 2887 accuratius
1227 2849 1528 2896 inspiciamus
1563 2848 1715 2886 Inscri-

79 2921 252 2968 ptiones
295 2932 375 2960 nos
413 2923 570 2961 docent
609 2923 765 2970 Lycios
799 2925 944 2961 semet
975 2924 1093 2971 ipsos
1128 2924 1376 2972 appellasse
1409 2923 1587 2962 nomine
1621 2923 1714 2961 Tre-

83 2995 313 3044 milarum;
349 3008 370 3036 e
401 3001 431 3035 Z
464 2999 632 3037 scimus
666 2999 795 3036 hosce
825 2997 1040 3036 Tremilas
1072 3008 1232 3037 manus
1267 3008 1365 3037 cum
1400 2999 1593 3046 Solymis
1621 3008 1715 3036 con-
