2200 3487
480 357 559 396 100
1167 366 1218 392 DE
1253 366 1397 392 ΑΙΑΟΕ.

471 492 609 529 neque
655 482 816 520 mirum
863 480 989 527 foret,
1034 479 1071 517 si
1113 478 1301 516 Dardani
1342 488 1510 524 quoque
1551 488 1710 517 nomen
1752 477 1903 515 eadem
1936 476 2008 514 via
2039 485 2095 514 ex

471 558 623 596 eadem
655 556 831 603 regione
863 555 905 591 in
938 554 1151 591 Troadem
1185 553 1476 601 pervenisset.

528 631 770 670 Dardaniae
825 630 952 667 heros
1010 638 1254 676 eponymus
1310 627 1352 665 in
1411 627 1574 665 Troade
1631 627 1832 665 audiebat
1887 626 2004 665 Iovis
2051 627 2095 664 et

469 708 663 747 Electrae
709 704 842 751 filius;
893 714 948 742 ex
993 702 1137 741 insula
1184 702 1468 740 Samothrace
1515 702 1558 739 in
1601 702 1812 740 Troadem
1855 702 2095 750 emigrasse

467 782 706 821 ferebatur:
745 776 974 827 ,,Ἠλε’κτρας
1008 775 1050 814 δὲ
1081 783 1149 825 τῆς
1173 774 1384 821 ’Ἀτλαντος
1416 774 1483 813 καὶ
1526 775 1622 821 Διὸς
1647 773 1806 813 Ἰασίων
1837 774 1903 814 καὶ
1935 775 2095 826 Δάρδα-

467 871 534 902 νος
561 853 751 906 ἐγένοντο.
775 850 931 890 Ἰασίων
960 849 1031 901 μὲν
1055 845 1129 889 οὖν
1158 848 1341 900 ἐρασθεὶς
1370 849 1578 900 Δήμητρος
1608 848 1672 887 καὶ
1689 849 1820 888 θέλων
1837 856 2095 901 καταισχῦναι

466 930 537 981 τὴν
583 929 683 968 θεὸν
731 933 1011 977 κεραυνοῦται,
1058 925 1269 974 Δάρδανος
1313 922 1355 962 δὲ
1397 923 1459 962 ε’πὶ
1502 931 1553 978 τῷ
1595 924 1760 979 θανάτῳ
1802 931 1872 963 τοῦ
1917 923 2094 974 ἀδελφοῦ

463 1005 716 1054 λυπούμενος
749 1002 1029 1055 Σαμοθρᾴκην
1062 999 1271 1038 ἀπολιπὼν
1304 999 1358 1046 εἷς
1391 998 1462 1049 τὴν
1495 998 1684 1049 ἀντίπερα
1716 998 1884 1050 ἤπειρον
1914 993 2058 1049 ἧλθε”.

523 1081 656 1119 Duxit
702 1078 761 1116 ibi
808 1086 991 1115 uxorem
1040 1076 1220 1114 Bateam
1276 1075 1388 1113 unde
1436 1075 1667 1123 progenuit
1718 1073 1830 1113 filios
1880 1074 1994 1113 Ilum
2051 1076 2092 1112 et

461 1154 793 1194 Erichthonium
827 1151 1075 1199 ([Apollod.]
1110 1151 1184 1197 ΠΙ,
1223 1151 1289 1199 12,
1326 1151 1374 1194 1).
1411 1150 1599 1188 Iasionis
1637 1149 1890 1197 Cererisque
1923 1159 2096 1188 amores

463 1230 661 1268 narravit
693 1228 912 1266 Homerus
943 1240 959 1263 ε
996 1226 1076 1264 125
1110 1235 1227 1272 sqq.:

757 1296 809 1347 ὦς
843 1297 875 1339 δ’
914 1296 1016 1338 ὁπότ’
1049 1296 1225 1337 Ἰασίωνι
1257 1297 1509 1348 ἐυπλόκαμος
1544 1298 1737 1349 Δημήτηρ

754 1379 815 1431 ,Ρῷ
848 1380 967 1430 θυμῷ
999 1375 1165 1421 ,Ρείξασα
1192 1371 1304 1425 ’μίγη
1337 1373 1518 1424 φιλότητι
1549 1372 1616 1412 καὶ
1647 1373 1750 1427 εὐνῇ

756 1459 846 1506 νειῷ
879 1451 937 1490 ἔνι
971 1450 1154 1504 τριπόλῳ·
1189 1446 1285 1488 οὐδὲ
1318 1448 1424 1498 δὶὴν
1457 1443 1528 1500 ἦεν
1561 1447 1741 1494 ἄπυστος

757 1527 876 1576 Ζεὺς,
910 1526 951 1572 ὅς
985 1542 1053 1575 μιν
1086 1524 1307 1573 κατέπεφνε
1338 1523 1471 1575 βαλὼν
1504 1523 1644 1575 ἀργῆτι
1671 1530 1869 1577 κεραυνῷ,

459 1610 502 1645 et
540 1605 753 1653 Hesiodus
785 1603 944 1651 Theog.
979 1604 1063 1641 969
1097 1612 1204 1650 sqq.,
1241 1601 1311 1649 qui
1347 1601 1512 1639 addidit
1544 1600 1679 1638 verba

1265 1675 1426 1725 Κρήτης
1459 1674 1500 1713 ἐν
1533 1674 1642 1713 πίονι
1675 1674 1797 1728 δήμῳ.

519 1755 748 1794 Dardanus
797 1763 965 1800 quoque
1013 1753 1094 1790 hac
1134 1752 1177 1789 in
1220 1751 1365 1789 insula
1407 1751 1535 1789 natus
1579 1760 1675 1788 esse
1707 1750 1929 1788 ferebatur
1959 1750 2096 1795 (Serv.

459 1833 566 1870 Aen.
597 1831 636 1878 3,
671 1831 781 1874 167).
815 1829 1011 1866 Varrone
1042 1837 1145 1866 vero
1173 1829 1350 1865 auctore
1376 1827 1539 1864 Phenei
1565 1827 1591 1864 1.
1617 1836 1652 1864 e.
1680 1826 1723 1863 in
1751 1826 1938 1864 Arcadia
1964 1837 2094 1875 prope

459 1907 511 1944 ab
561 1906 776 1953 Psophide
825 1905 968 1942 lucem
1018 1903 1191 1951 aspexit
1239 1902 1434 1940 vitalem.
1498 1902 1699 1950 Quinimo
1749 1902 2010 1945 Strabonem
2057 1902 2096 1940 si

457 1981 682 2028 sequimur
715 1980 843 2028 (VIII,
865 1980 978 2027 346),
1009 1978 1199 2016 Dardani
1233 1978 1355 2016 locus
1382 1977 1543 2015 natalis
1570 1977 1866 2025 reperiebatur
1891 1978 1935 2015 in
1962 1987 2095 2025 specu

457 2056 709 2104 Triphyliae
743 2055 794 2093 ad
828 2055 1042 2102 Anigrum
1077 2053 1240 2091 flumen
1274 2051 1468 2101 (ποταμὸν
1502 2051 1715 2101 Μινυήιον
1748 2056 1787 2089 Λ
1821 2053 1934 2097 722).

517 2131 684 2178 Chryse
725 2140 893 2177 quoque
934 2129 1121 2167 Dardani
1164 2138 1273 2166 uxor
1307 2138 1361 2165 ex
1393 2128 1578 2166 Arcadia
1614 2127 1796 2166 oriunda
1829 2130 1921 2166 erat
1952 2127 2090 2172 (Dion.

458 2206 555 2244 Hal.
591 2206 622 2253 I,
658 2205 742 2250 68).
778 2205 886 2253 Quid
919 2205 1067 2242 autem
1101 2203 1225 2241 docet
1259 2203 1399 2241 Schol.
1434 2202 1575 2250 Apoll.
1608 2203 1745 2241 Rhod.
1778 2203 1798 2240 Ι
1830 2203 1947 2241 917?

523 2279 645 2329 »Διὸς
693 2278 757 2317 καὶ
802 2275 1015 2328 Ἠλέκτρας
1064 2277 1216 2328 ἐγένετο
1256 2274 1415 2315 Ἰασίων
1457 2276 1524 2315 καὶ
1567 2277 1791 2327 Δάρδανος.
1826 2277 2017 2328 Κάβειροι
2050 2274 2092 2315 δὲ

459 2356 623 2393 δοκοῦσι
655 2357 1010 2404 προσηγορεῦσθαι
1043 2351 1122 2391 ἀπὸ
1156 2353 1368 2403 Καβείρων
1401 2359 1478 2390 τῶν
1511 2351 1609 2390 κατὰ
1646 2352 1828 2403 Φρυγίαν
1861 2349 1980 2402 ὀρῶν,
2011 2350 2094 2390 ἐπεὶ

461 2428 650 2467 ἐντεῦθεν
683 2427 1041 2478 μετηιέ’χθησαν”1

523 2505 710 2543 Dardani
743 2505 876 2552 igitur
909 2514 1072 2542 nomen
1111 2514 1210 2542 cum
1238 2503 1339 2542 Deis
1368 2504 1535 2551 Magnis
1565 2502 1930 2551 coniungebatur!
1953 2503 2089 2552 Quod,

461 2583 507 2619 ut
534 2581 636 2619 fecit
663 2580 796 2618 Bloch
825 2579 866 2616 in
895 2578 1105 2617 Roscheri
1133 2578 1310 2626 Lexico‚
1340 2588 1426 2617 non
1454 2579 1561 2616 satis
1589 2578 1836 2626 explicatur
1853 2579 2093 2616 sententia:

463 2655 679 2704 „Dardani
712 2664 871 2692 nomen
905 2657 1010 2692 tunc
1045 2655 1224 2691 demum
1259 2663 1356 2691 cum
1387 2652 1555 2691 Gabiris
1583 2653 1849 2691 associatum
1880 2663 1975 2691 esse
1993 2662 2090 2691 cum

459 2729 710 2767 Gabii-orum
767 2729 910 2766 cultus
968 2739 1022 2767 ex
1069 2728 1215 2767 insula
1269 2728 1555 2766 Samothrace
1601 2727 1777 2766 Troiam
1824 2730 2091 2765 transvexus

458 2805 626 2851 esset'';
662 2814 783 2852 narn,
820 2806 867 2842 ut
899 2814 1030 2851 supra
1065 2804 1272 2852 vidimus,
1312 2803 1502 2841 Dardani
1534 2812 1694 2841 nomen
1726 2804 1770 2840 in
1804 2803 1958 2841 ceteris
1991 2813 2089 2850 quo·

457 2889 538 2926 que
573 2879 776 2918 Graeciae
803 2878 999 2926 partibus
1030 2879 1144 2916 haud
1173 2880 1267 2917 erat
1294 2878 1513 2926 ignotum,
1544 2887 1685 2925 neque
1713 2878 1858 2916 herois
1884 2878 2090 2925 eponymi

454 2964 614 2992 nomen
656 2963 766 2991 novo
801 2963 899 2991 cum
935 2953 1055 2991 cultu
1096 2953 1301 3000 coniungi
1334 2953 1569 3001 potuisset,
1605 2953 1689 2990 nisi
1722 2954 1866 2990 certae
1899 2953 2088 2990 exstitis-

455 3030 552 3066 sent
592 3038 767 3075 causae,
811 3028 969 3074 quibus
1010 3028 1112 3065 talis
1147 3038 1288 3066 nexus
1321 3027 1532 3075 explicari
1561 3029 1724 3075 posset.
1758 3027 1870 3065 Nam
1904 3027 1974 3065 hic
2005 3036 2091 3065 non
