2200 3487
362 338 386 374 6
1057 353 1110 379 DE
1144 353 1285 380 AJAGE.

360 462 504 509 poeta,
539 472 593 499 an
620 472 676 500 ex
702 460 799 501 aliis
826 465 971 511 potius
998 466 1247 503 auctoribus
1272 467 1407 514 petita
1433 469 1553 516 sunt,
1583 478 1693 515 quae
1720 469 1984 509 scholiastae

360 535 665 575 tradiderunt?
698 538 898 586 Exempli
931 550 1063 578 causa
1095 540 1283 588 legimus
1317 542 1429 589 apud
1456 542 1773 582 Philostratum
1801 545 1986 589 (Heroic.

360 609 439 659 XI,
474 612 533 656 l):
567 611 661 660 „tov
689 611 760 662 μέν
786 628 829 664 γε
856 613 1011 653 Αἴαντα
1037 614 1103 653 καὶ
1130 616 1325 666 τρόφιμον
1353 622 1421 654 τοῦ
1440 614 1681 667 (Ηρακλέους
1708 616 1810 658 εἶναι
1826 619 1982 668 ἔφασαν

360 684 427 723 καὶ
459 685 606 736 βρέφος
641 686 735 726 ὄντα
768 687 1024 740 ἐιέιληθῆναι
1058 697 1102 745 τῇ
1134 694 1273 745 λεοντῇ
1300 698 1370 730 τοῦ
1398 692 1545 743 ἥρωος,
1572 693 1632 731 ὅτε
1659 693 1841 744 ἀνασχὼν
1860 693 1982 733 αὐτὸν

360 767 411 814 τῷ
446 760 511 798 Διὶ
544 760 747 801 ἀνάλωτον
780 764 861 818 ᾔτει
893 765 1081 816 γενέσθαι
1115 766 1212 804 κατὰ
1244 766 1314 816 τὴν
1348 767 1472 817 δορὰν
1505 774 1574 806 τοῦ
1607 768 1784 819 λέοντος,
1809 768 1918 816 ἀετός
1945 785 1983 807 τε

359 835 559 892 εὐξαμένῳ
577 836 740 885 ἀφίκετο
758 838 891 888 φέρων
910 839 951 877 ἐκ
971 840 1118 893 Διὸςτῷ
1137 839 1208 889 μὲν
1226 841 1339 879 παιδὶ
1358 841 1485 891 ὄνομα
1504 846 1587 889 ταῖς
1606 841 1648 881 δὲ
1666 843 1797 894 εὔχαις
1814 847 1983 894 νεῦμα”.

419 913 630 952 Hercules
673 915 818 964 igitur,
862 926 944 962 quo
987 917 1185 964 tempore
1225 919 1394 964 patrem
1440 918 1615 957 Troiam
1649 929 1799 957 secum
1831 920 1987 959 ducere

361 986 512 1035 vellet,
546 987 796 1027 Telamonis
828 989 965 1028 filium
999 991 1088 1029 iam
1120 994 1270 1030 ‘natum
1297 992 1408 1040 pelle
1440 1002 1520 1030 sua
1551 993 1984 1033 leoninainvolutum

359 1063 563 1102 manibus
585 1064 783 1113 sustulit,
804 1067 1025 1114 precatus,
1046 1068 1093 1104 ut
1110 1076 1219 1113 quae
1238 1067 1430 1115 corporis
1447 1070 1595 1116 partes
1611 1068 1721 1116 pelle
1738 1071 1988 1117 tegerentur

360 1149 534 1186 semper
566 1149 591 1177 a
622 1141 866 1179 missilibus
896 1141 1141 1190 ictibusque
1173 1144 1295 1181 tutae
1326 1144 1481 1182 forent.
1516 1144 1634 1183 Tunc
1662 1144 1807 1192 aquila
1833 1145 1983 1183 statim

359 1223 572 1262 apparens
609 1216 828 1263 portendit
859 1226 943 1255 non
976 1218 1106 1255 modo
1138 1218 1302 1256 laetum
1336 1220 1544 1257 eventum
1575 1220 1651 1258 sed
1683 1220 1838 1269 etiam,
1873 1219 1983 1267 quod

356 1291 497 1337 magis
531 1292 597 1329 est
630 1292 897 1341 mirandum,
931 1293 1052 1341 pueri
1085 1303 1260 1332 nomen.

417 1364 645 1405 Coniuncti
687 1369 792 1406 sunt
834 1368 947 1416 apud
989 1369 1229 1416 utrumque
1271 1370 1511 1419 auctorem,
1546 1370 1780 1408 Pindarum
1817 1370 1910 1408 dico
1943 1372 1988 1408 et
2032 1387 2038 1393 ·

356 1440 672 1480 Philostratum
699 1443 845 1491 mythi
877 1444 979 1493 duo,
1013 1445 1086 1492 qui
1118 1444 1242 1483 initio
1274 1445 1389 1483 haud
1421 1445 1549 1483 dubie
1575 1446 1752 1484 fuerunt
1778 1445 1986 1493 seiuncti3

357 1518 524 1565 spectat
557 1518 667 1556 alter
699 1519 882 1567 mythus
915 1517 986 1569 τὴν
1014 1517 1334 1569 ὀνοματοθεσίαν
1363 1520 1472 1559 alter
1498 1519 1570 1569 τὴν
1598 1519 1809 1569 ἀτρωσίαν.
1836 1520 1984 1559 Obser—

357 1594 462 1630 vatu
503 1592 682 1641 dignum
725 1596 795 1633 est
836 1596 879 1633 in
921 1595 1178 1634 Philostrati
1220 1595 1364 1634 verbis
1406 1595 1690 1645 adiectivum,
1725 1606 1807 1643 quo
1837 1596 1985 1634 Aiacis

357 1667 529 1717 ἀτρωσία
571 1668 720 1707 futura
761 1671 1042 1718 portenditur.
1084 1671 1249 1719 Nempe
1281 1673 1482 1720 precatur
1516 1671 1741 1720 Hercules,
1776 1673 1824 1709 ut
1855 1671 1983 1709 heros

357 1742 432 1782 fiat
465 1742 732 1790 ἀνάλωτος
766 1744 864 1782 κατὰ
897 1744 968 1794 τὴν
1003 1746 1126 1795 δορὰν
1154 1751 1223 1784 τοῦ
1251 1745 1422 1792 λέοντος.
1450 1746 1640 1784 Revocat
1658 1747 1700 1783 in
1719 1746 1981 1784 memoriam

358 1819 463 1857 illud
507 1820 772 1859 adiectivum
814 1821 1024 1860 Herodoti
1066 1822 1208 1861 locum
1245 1822 1277 1866 (I
1311 1822 1397 1870 84),
1434 1822 1506 1860 ubi
1538 1821 1669 1860 Meles
1702 1821 1870 1860 leonem
1902 1821 1984 1859 sibi

358 1904 380 1932 e
422 1894 559 1942 pelice
601 1897 755 1934 natum
798 1897 999 1935 Sardium
1038 1898 1199 1935 circum
1235 1907 1379 1935 arcem
1413 1898 1558 1944 gestat
1591 1896 1764 1935 oraculo
1797 1896 1982 1943 quodam

358 1970 626 2019 admonitus,
656 1971 712 2009 ibi
740 1970 1002 2009 ἀνάλωτον
1030 1973 1119 2010 fore
1148 1982 1309 2019 arcem,
1340 1971 1412 2010 ubi
1440 1972 1506 2009 leo
1535 1972 1653 2009 esset
1677 1971 1982 2019 praeterlatus.

358 2045 417 2084 Ut
450 2047 517 2085 hic
549 2047 652 2085 urbs
685 2047 748 2086 sic
778 2048 867 2086 illle
898 2058 1003 2097 puer
1035 2054 1080 2101 τῇ
1108 2051 1245 2101 λεοντῇ
1280 2058 1304 2086 a
1336 2048 1540 2096 periculis
1567 2047 1832 2094 defenditur;
1864 2056 1984 2084 voca—

359 2122 508 2160 bulum
557 2125 724 2171 autem,
775 2123 886 2170 quod
934 2124 1021 2162 arci
1068 2122 1393 2171 inexpugnabili
1436 2122 1561 2160 unice
1602 2123 1824 2170 convenit,
1869 2121 1981 2170 apud

358 2196 674 2236 Philostratum
708 2198 751 2236 in
783 2208 965 2246 puerum
998 2201 1066 2237 est
1097 2199 1380 2237 translatum.

418 2273 539 2310 Mens
586 2274 718 2321 igitur
765 2276 916 2312 nostra
962 2275 1013 2312 ad
1062 2274 1332 2313 Herodotum
1375 2274 1562 2312 abducta
1598 2273 1732 2311 simul
1774 2272 1898 2312 nobis
1938 2273 1982 2310 in

360 2349 617 2387 memoriam
652 2350 772 2388 venit
804 2352 931 2397 poeta
963 2351 1187 2398 antiquus,
1221 2350 1430 2388 Herodoti
1461 2350 1688 2398 cognatus,
1723 2349 1846 2387 cuius
1871 2348 1979 2395 frag-

358 2427 508 2463 menta
540 2436 675 2473 pauca
707 2426 881 2472 quidem
915 2426 990 2465 sed
1024 2427 1345 2465 venustissima
1376 2428 1567 2465 aetatem
1600 2425 1816 2463 tulerunt:
1843 2424 1980 2470 Pany-

359 2500 494 2538 assim
530 2501 748 2539 volumus.

418 2575 583 2613 Cecinit
624 2576 693 2614 hio
735 2577 785 2614 de
827 2576 1028 2615 Herculis
1070 2576 1291 2615 laboribus
1331 2579 1375 2615 et
1415 2578 1653 2624 supersunt
1685 2576 1798 2614 forte
1831 2583 1986 2612 versus

358 2651 440 2688 duo
473 2651 524 2688 de
551 2651 690 2689 leonis
718 2651 897 2690 Nemaei
926 2652 1116 2701 exuviis,
1145 2663 1255 2699 quae
1281 2653 1400 2691 heroi
1428 2662 1504 2700 pro
1531 2651 1757 2699 tegumine
1784 2650 1982 2688 fuerunt:

684 2725 806 2776 δέρμα
842 2741 879 2765 τε
913 2727 1081 2777 θήρειον
1117 2728 1365 2778 Βεμβιυήταο
1399 2726 1555 2772 λέοντος

359 2804 403 2841 et

685 2876 749 2915 καὶ
782 2878 1031 2927 Βεμβινήταο
1064 2879 1244 2929 πελώρου
1279 2877 1400 2928 δέρμα
1432 2876 1600 2922 λέοντος.

420 2955 715 2993 Philostratus
757 2955 836 3003 III,
881 2956 954 3002 qui
996 2955 1177 2994 heroum
1221 2956 1502 3002 antiquorum
1538 2953 1704 2992 cultum
1738 2962 1898 2991 novam
1933 2951 1984 2989 ad

361 3030 497 3068 vitam
540 3040 745 3068 revocare
790 3030 980 3079 volebat,
1025 3032 1181 3080 priscis
1222 3042 1244 3070 e
1287 3030 1553 3071 carminibus
1585 3030 1718 3078 epicis
1750 3029 1884 3067 libelli
1916 3029 1984 3066 sui
