2200 3487
466 337 548 374 180
1127 346 1179 373 DE
1213 345 1410 373 CARNEIS.

460 461 541 500 Sed
574 461 788 509 quomodo
826 460 1040 499 Thebanus
1072 461 1240 508 poterat
1270 461 1431 499 dicere:
1470 460 1537 508 „to
1571 457 1605 498 δ’
1643 459 1737 509 ε’μὸν
1770 458 1948 512 γαρύοντ’
1983 460 2079 500 ἀπὸ

459 536 702 585 Σπάρτας
745 534 941 583 ἐπήρατον
983 534 1154 580 κλέος”ῗ)
1195 546 1297 574 nam
1330 536 1432 574 licet
1476 558 1527 562 —
1568 538 1615 574 ut
1655 537 1851 583 perhibet
1892 537 2076 575 Herodo-

458 615 530 651 tus
577 635 632 638 —
679 612 867 659 Aegidae
916 611 1112 649 nonnulli
1159 611 1318 649 Thebis
1365 611 1547 659 profecti
1595 612 1795 659 Spartam
1844 613 2080 659 petiverint

456 688 637 735 indeque
670 687 856 724 Theram
892 687 935 724 et
967 685 1182 733 Cyrenam
1210 686 1474 733 navigarint,
1504 686 1690 724 Pindaro
1717 687 1927 735 profecto,
1958 688 2082 725 cuius

455 763 645 799 maiores
682 761 820 799 Thebis
853 762 1124 809 manserant,
1156 761 1200 799 id
1232 761 1341 798 nulli
1372 762 1545 809 poterat
1577 770 1674 799 esse
1706 761 1871 800 honori.
1904 762 2083 800 Accedit

455 837 565 884 quod
609 836 681 883 qui
715 837 879 874 dicant:
919 834 1066 883 „5¹1¹&ev
1114 832 1403 883 ἀναδεξάμενοι
1435 833 1578 882 ἔρανον
1612 835 1800 883 Κυράνας
1830 836 1947 872 πόλιν
1980 836 2080 885 σεβί-

454 912 613 959 ζομεν”,
658 911 764 949 nulli
806 911 880 948 alii
923 921 1052 958 quam
1102 906 1288 958 Cyrewae
1328 911 1481 948 incolae
1519 921 1616 950 esse
1649 911 1836 959 possint;
1870 921 2008 958 neque
2040 911 2080 948 id

451 986 562 1033 fugit
609 986 928 1032 Boeckhianos,
979 985 1051 1032 qui
1099 986 1152 1023 ad
1199 986 1358 1023 incitas
1406 986 1570 1024 redacti
1616 987 1865 1024 statuerunt
1909 1008 1961 1013 —
2005 985 2081 1024 sed

454 1071 604 1108 parum
638 1060 918 1109 probabiliter
950 1081 998 1085 --
1029 1071 1112 1107 quo
1145 1063 1341 1109 tempore
1368 1060 1532 1098 festum
1558 1061 1773 1099 Arcesilai
1800 1061 1844 1098 in
1872 1061 2081 1099 honorem

453 1138 654 1181 ageretur
686 1135 921 1173 Pindarum
955 1134 1172 1182 Cyrenam
1208 1136 1411 1174 visitasse
1439 1133 1480 1181 1).

511 1212 717 1249 Attamen
751 1209 927 1247 infitiari
954 1220 1039 1248 non
1067 1220 1249 1258 possum
1276 1211 1453 1249 Pindari
1479 1221 1656 1258 nomen,
1683 1212 1931 1259 ceteroquin
1956 1211 2080 1249 raris—

451 1285 633 1335 simum,
678 1286 818 1324 tribus
858 1286 1213 1333 inscriptionibus
1251 1287 1456 1335 Anaphae
1489 1287 1534 1324 in
1566 1286 1712 1324 insula
1742 1287 1907 1325 Therae
1940 1286 2084 1326 vicina

451 1362 635 1408 repertis
666 1371 763 1398 esse
795 1360 1008 1398 traditum
1033 1357 1080 1407 2);
1114 1360 1207 1398 fieri
1240 1361 1373 1408 igitur
1406 1361 1603 1408 potuisse
1626 1362 1673 1398 ut
1699 1360 1892 1408 Cyrenae
1915 1371 2082 1408 quoque

452 1436 624 1473 Pindari
657 1435 806 1473 affines
839 1434 1004 1481 aliquot
1036 1435 1302 1474 habitarent.

509 1509 590 1547 Sed
632 1509 783 1546 missis
823 1509 889 1546 his
932 1509 1263 1558 controversiis,
1308 1509 1409 1547 licet
1447 1510 1630 1548 minime
1662 1520 1741 1548 nos
1773 1511 1927 1549 doceat
1956 1515 2084 1559 poeta

451 1585 638 1631 Aegidas
666 1584 817 1631 fuisse,
848 1584 920 1631 qui
947 1584 1087 1622 Thera
1115 1584 1295 1632 profecti
1324 1583 1490 1623 Car-nea
1515 1585 1823 1623 transtulerint
1846 1585 2081 1636 Cyrenam,

448 1663 597 1698 tamen
640 1659 754 1697 hanc
795 1659 1042 1707 opinionem
1083 1670 1357 1707 nequaquam
1402 1662 1449 1697 ut
1491 1659 1722 1697 absurdam
1757 1661 1918 1699 reicere
1952 1661 2080 1700 velim

447 1734 559 1778 (vide
593 1734 724 1772 verba
757 1731 844 1782 ἐμοὶ
874 1731 1090 1783 πατέρεςῐ).

504 1809 611 1847 Utut
660 1809 702 1846 id
744 1810 830 1856 est,
876 1809 1095 1847 credimus
1138 1808 1293 1847 Carnei
1333 1809 1522 1857 patriam
1567 1819 1662 1847 esse
1705 1811 2000 1856 quaerendam
2038 1812 2081 1849 in

446 1885 623 1923 Boeotia
651 1870 693 1922 et
723 1884 946 1930 Thessalia,
977 1885 1130 1932 quibus
1149 1885 1191 1921 in
1211 1884 1461 1932 regionibus
1489 1884 1594 1922 olim
1618 1885 1829 1923 sedebant
1849 1886 2019 1934 Minyae
2040 1882 2081 1931 3).

504 1960 590 2006 Nil,
634 1960 779 2006 credo,
826 1960 974 1998 obstat
1006 1960 1108 2007 quin
1143 1960 1360 2007 quomodo
1394 1970 1486 1997 rem
1519 1960 1630 1997 mihi
1663 1970 1899 2008 proponam
1935 1962 2084 2009 paucis

445 2034 633 2072 indicem
669 2034 827 2072 verbis.

502 2109 654 2147 Pheris
693 2109 938 2155 antiquitus
976 2119 1158 2156 gregum
1191 2109 1375 2147 daemon
1410 2109 1722 2157 ithyphallicus
1754 2110 1878 2151 iuxta
1909 2111 2078 2159 Bri'mo,

446 2185 571 2222 deam
619 2184 836 2223 Artemidi
888 2184 1183 2232 simillimam,
1228 2184 1460 2222 colebatur.
1504 2184 1697 2222 Daemon
1736 2188 1883 2223 autem
1916 2185 1989 2224 ille
2019 2207 2075 2212 —

444 2259 609 2306 posteri
642 2259 900 2297 Mercurium
937 2259 1150 2297 vocabant
1171 2281 1217 2284 —
1242 2259 1392 2297 Brimo
1415 2270 1436 2297 e
1461 2260 1576 2306 regis
1599 2260 1838 2298 inferorum
1862 2263 2080 2307 potestate

444 2336 638 2381 ereptam
669 2335 711 2371 in
741 2334 881 2372 lucem
902 2334 1157 2379 1·eduxerat;
1179 2343 1281 2371 nam
1302 2334 1434 2372 etiam
1455 2334 1659 2371 introitus
1677 2334 1730 2372 ad
1749 2334 1904 2372 Orcum
1926 2335 2080 2374 Pheris

444 2411 556 2456 erat,
587 2409 657 2446 ubi
686 2409 840 2447 ovibus
874 2409 1079 2447 mactatis
1107 2409 1282 2447 animae
1307 2411 1582 2447 mortuorum
1613 2409 1786 2447 evocari
1805 2411 2013 2457 poterant
2030 2406 2074 2455 ⁴).

488 2651 513 2692 ¹)
539 2653 588 2682 Cf.
621 2652 832 2682 Studniczka
865 2654 999 2690 Kyrene
1033 2661 1065 2690 p.
1097 2653 1156 2691 76,
1181 2653 1232 2682 77.
1260 2653 1322 2683 Cui
1346 2654 1549 2691 obloquitur
1573 2654 1709 2693 Gaspar
1733 2655 1831 2684 Essai
1858 2655 1900 2684 de
1926 2655 2075 2684 Chrono-

442 2712 532 2750 logio
558 2712 766 2751 pindarique
792 2723 823 2751 p.
854 2715 926 2742 148.

484 2770 513 2811 2)
540 2774 574 2803 c.
601 2774 626 2803 1.
652 2774 692 2803 G.
721 2775 827 2807 2480,
852 2774 891 2810 b,
918 2774 949 2802 d.

483 2832 509 2872 3)
535 2833 583 2864 (tf.
620 2835 761 2873 Gruppe
798 2835 854 2864 Gr.
891 2835 934 2864 M.
975 2836 1070 2873 1493,
1106 2838 1220 2865 annot.
1253 2837 1282 2865 3.
1315 2834 1454 2865 Nilsson
1479 2835 1518 2874 [o.
1550 2836 1571 2864 l.
1597 2844 1630 2873 p.
1659 2836 1732 2872 128,
1758 2837 1816 2873 qui
1843 2834 1991 2865 calidius
2015 2835 2071 2864 hic

438 2896 671 2924 ratiocinatur.

484 2953 510 2994 ⁴)
536 2955 669 2984 Gallim.
709 2956 748 2984 fr.
786 2956 857 2984 117.
891 2956 993 2993 Prop.
1028 2956 1081 2995 11,
1106 2957 1142 2990 2,
1170 2957 1220 2985 11.
1246 2954 1314 2984 Cic.
1340 2956 1378 2985 D.
1406 2957 1443 2986 N.
1468 2956 1507 2985 D.
1533 2956 1585 2984 111
1610 2957 1662 2985 22.
1688 2956 1831 2994 Gruppe
1857 2956 1895 2986 G.
1921 2957 1966 2986 M.
1996 2957 2070 2991 118,

437 3025 511 3044 ann.
541 3016 576 3055 23
604 3015 701 3052 1322,
726 3024 802 3044 ann.
832 3017 860 3044 1.
