2200 3487
435 350 488 387 74
1128 362 1181 389 DE
1213 362 1358 390 AIACE.

433 472 500 510 Vel
534 483 558 511 a
593 473 744 520 Ταλαός
776 475 843 519 (Cf.
881 474 1084 525 Kpovt‘cov:
1121 474 1291 524 Κρόνος)
1335 475 1519 523 Stirpem
1553 475 1688 514 habet
1720 477 1806 523 παλ,
1838 476 1927 524 τλα,
1957 476 2056 512 τελα.

430 546 662 587 Dedicatus
703 549 837 597 igitur
870 551 963 588 erat
996 550 1109 588 Aiax
1141 549 1339 598 Neptuno
1374 550 1547 588 cuidam
1582 549 1795 598 Feretrio,
1834 550 1942 598 „den
1975 550 2057 588 tor-

431 622 599 671 scher”‚
633 633 790 672 nempe
822 629 889 673 τῆς
921 629 1003 675 γῆς.

491 696 596 745 Quid
614 698 775 736 mirum
794 699 984 745 aliquem
1001 701 1094 737 tam
1113 699 1291 738 robusto
1310 699 1388 738 deo
1406 698 1655 738 dedicatum
1674 700 1717 738 et
1727 699 1871 748 ipsum
1882 699 2057 747 magnis

430 771 594 810 viribus
635 773 771 811 fuisse
813 774 1102 820 instructum;
1145 784 1250 811 nam
1293 773 1406 811 hanc
1443 773 1494 812 ob
1528 783 1707 812 causam
1738 773 1931 812 infantes
1962 774 2056 812 deo—

429 857 525 885 rum
557 848 600 885 111
634 848 773 886 tutela
805 848 1087 897 ponebantur,
1121 850 1168 886 ut
1202 849 1358 886 horum
1391 848 1517 886 donis
1544 858 1646 896 prae
1673 848 1771 887 aliis
1796 849 2057 888 fruerentur.

487 922 623 970 Prope
658 922 921 971 Calauriam‚
958 923 1028 962 ubi
1057 923 1285 971 Neptunus
1312 922 1490 961 Telamo
1519 922 1752 972 colebatur,
1782 924 1894 962 Aiax
1919 923 1963 961 in
1989 923 2058 962 dei

428 997 597 1044 positus
624 998 762 1035 tutela
789 997 1069 1035 Telamonius
1097 999 1164 1036 est
1191 997 1355 1045 factus;
1384 998 1535 1045 postea
1560 997 1746 1036 eundem
1773 997 2055 1036 Telamonem

427 1073 595 1119 patrem
629 1072 793 1110 habuit.
827 1071 903 1110 Dei
930 1072 1089 1111 marini
1114 1071 1229 1111 filius
1252 1072 1396 1111 factus
1420 1072 1512 1121 ipse
1536 1082 1706 1120 quoque
1738 1073 1929 1121 statura,
1958 1072 2056 1110 viri-

427 1146 526 1194 bus,
561 1147 781 1185 cresoebat
811 1147 889 1196 ita,
921 1148 968 1185 ut
995 1147 1108 1186 Aiax
1139 1147 1368 1187 Locrensis
1401 1147 1615 1186 orientem
1643 1157 1799 1186 versus
1826 1157 1925 1186 cum
1953 1147 2055 1186 emi·

426 1223 594 1268 grasset
627 1232 731 1260 mox
764 1224 807 1260 et
839 1222 931 1270 ipse
964 1222 1183 1260 Feretrius
1216 1222 1374 1269 aliquis
1401 1222 1621 1261 videretur
1646 1220 1853 1270 fieretque
1881 1219 1900 1260 ὅ
1924 1221 2054 1274 μέγας.

485 1296 711 1335 Invenitur
753 1306 838 1335 vox
879 1296 1057 1345 τελαμών
1099 1297 1142 1335 111
1185 1296 1543 1345 inscriptionibus
1575 1297 1750 1345 saepius
1781 1297 1893 1336 miro
1925 1297 2054 1336 modo

427 1370 642 1417 adhibita;
691 1381 726 1412 e.
754 1382 794 1420 g.
838 1369 1072 1423 ἀναγράψαι
1114 1387 1150 1410 τι
1192 1371 1245 1418 εἰς
1288 1374 1495 1422 τελαμῶνα
1536 1375 1682 1411 λευκοῦ
1724 1373 1844 1411 λίθου
1888 1372 1958 1410 vel
1999 1371 2053 1418 εἰς

429 1447 630 1494 τελαμῶνα
657 1445 815 1484 λίθινον
835 1446 1040 1491 (Dittenb.
1070 1448 1176 1496 Syll.
1206 1448 1404 1496 545‚10;
1434 1449 1625 1497 324‚31;
1655 1449 1848 1498 529‚41;
1878 1449 2052 1496 545,37.

431 1520 491 1559 Cf.
534 1521 776 1561 Waldstein
818 1523 907 1562 The
949 1525 1097 1572 argive
1140 1524 1361 1563 Heraeum
1401 1525 1420 1562 Ι
1453 1535 1491 1572 p.
1526 1525 1632 1571 201;
1676 1524 1877 1572 inscript.
1910 1533 2052 1572 graec.

429 1596 629 1635 Solmsen
660 1607 699 1645 p.
735 1599 803 1646 47,
825 1599 902 1645 21;
937 1599 1161 1638 Herwerd.
1195 1600 1298 1639 Lex.
1334 1600 1526 1648 Supplet.
1562 1610 1596 1638 s.
1619 1603 1689 1645 v.).
1725 1600 1920 1648 Quonam
1951 1609 2052 1638 vero

427 1681 560 1709 sensu
593 1672 698 1711 haec
732 1683 817 1711 vox
849 1674 908 1712 sit
939 1675 1190 1722 accipienda
1216 1685 1402 1723 magnae
1428 1675 1687 1714 dubitationi
1715 1677 1782 1714 est
1800 1674 2051 1714 obnoxium.

429 1747 498 1784 Sic
535 1746 576 1785 in
620 1748 889 1787 dedicatione
929 1749 1086 1789 Iunoni
1120 1750 1239 1789 facta
1279 1751 1469 1799 Argivae
1511 1751 1722 1799 legimus:
1765 1752 1862 1796 (Η)α
1895 1744 2045 1788 ordia}

428 1820 492 1858 καὶ
524 1822 573 1860 ho
606 1821 802 1873 τελαμό(ν)
837 1821 985 1874 magud}
1008 1831 1074 1871 τᾶς
1105 1819 1264 1876 Ηὲραςῖ
1286 1831 1353 1872 τᾶς
1386 1826 1602 1877 Ἀργε[ί]ας.

483 1896 696 1937 Differunt
736 1899 868 1947 igitur
902 1899 1021 1950 στήλη
1055 1902 1098 1940 et
1129 1901 1318 1951 τελαμών.
1362 1902 1504 1941 Vertit
1535 1902 1856 1941 Herwerdenus
1891 1901 2054 1951 „fascia

425 1974 714 2023 marmorea”,
757 1985 943 2022 quocum
988 1976 1129 2015 facere
1171 1977 1380 2027 velimus,
1424 1978 1571 2016 addita
1604 1977 1894 2026 explicatione
1929 1988 1951 2016 e
1984 1977 2051 2015 Vi·

423 2048 567 2086 truvio
598 2049 689 2097 (111,
724 2051 762 2099 5,
801 2051 866 2095 10)
908 2051 1046 2098 petita
1091 2052 1275 2100 „fasciat
1319 2063 1372 2091 en
1408 2053 1700 2092 architecture
1732 2052 1929 2092 membre
1960 2062 2051 2101 pro-

425 2123 542 2162 duite
575 2135 650 2172 par
678 2125 720 2163 la
746 2126 931 2164 division
961 2127 1090 2165 d'une
1116 2127 1286 2166 surface
1315 2129 1414 2167 unie
1442 2138 1494 2167 en
1521 2129 1682 2176 parties
1708 2129 1951 2175 distinctes,
1980 2128 2051 2176 qui

425 2200 714 2238 ressemblent
756 2201 869 2239 ainsi
901 2203 926 2239 a
957 2202 1008 2240 de
1046 2202 1228 2250 longues
1261 2203 1425 2242 bandes
1456 2204 1600 2253 plates
1632 2204 1844 2243 etendues
1875 2203 2053 2253 paralle-

422 2274 584 2312 lement
616 2272 731 2314 l'une
764 2277 788 2315 a
820 2276 1006 2316 l’autre”
1041 2278 1235 2323 (Cheruel
1269 2289 1308 2327 p.
1344 2280 1457 2325 262).

484 2349 689 2389 Girardus
731 2352 863 2390 vertit
894 2354 1098 2402 τελαμῶνα
1131 2354 1392 2402 columnam;
1427 2363 1536 2402 quae
1568 2354 1712 2403 opinio
1745 2354 1960 2393 refutatur
1992 2354 2050 2392 in-

421 2424 654 2472 scriptione
696 2437 827 2475 supra
857 2427 1036 2467 laudata
1068 2429 1139 2467 ubi
1173 2429 1351 2479 τελαμώυ
1386 2432 1430 2469 et
1462 2429 1584 2480 στήλη
1618 2430 1853 2475 (columna)
1885 2439 2049 2478 separa·

421 2499 495 2536 tim
528 2501 827 2541 nominantur.
862 2503 956 2542 Hoc
989 2505 1138 2543 autem
1171 2505 1456 2544 fundamento
1491 2505 1623 2544 debili
1655 2505 1723 2544 vel
1756 2505 1903 2554 potius
1935 2504 2055 2543 nullo

421 2576 644 2613 exstruxit
672 2576 913 2617 aedificium
943 2580 1240 2629 ingeniosum,
1267 2581 1343 2619 sed
1371 2581 1481 2627 quod
1500 2580 1631 2619 simul
1649 2590 1748 2619 cum
1766 2580 2050 2618 fundamento

421 2650 595 2687 corruit.
649 2650 812 2699 Nempe
844 2652 983 2692 fretus
1017 2656 1292 2703 argumentis
1324 2655 1475 2704 petitis
1508 2665 1563 2694 ex
1594 2655 1772 2693 Evansii
1804 2655 2054 2703 descriptio-

422 2724 549 2762 nibus
592 2725 897 2766 columnarum
931 2728 973 2767 in
1006 2730 1276 2778 Labyrintho
1313 2731 1501 2770 cretensi
1533 2730 1602 2769 vel
1635 2730 1738 2769 alibi
1770 2730 2049 2778 effossarum,

420 2799 600 2847 probare
631 2803 814 2839 conatus
848 2804 916 2841 est
942 2804 1121 2843 Aiacem
1150 2805 1455 2845 Telamonium
1481 2806 1618 2844 fuisse
1650 2806 1862 2854 „Genium
1890 2805 2049 2844 colum-

424 2884 528 2913 nam
551 2875 838 2925 habitantem,
858 2877 1024 2927 l’esprit
1044 2880 1099 2918 du
1118 2880 1306 2920 Pillier'’.
1325 2881 1489 2919 Deinde
1508 2881 1560 2919 ad
1578 2881 1690 2920 hunc
1710 2881 1895 2919 Genium
1914 2882 2051 2919 trans-

420 2949 522 2988 latis
552 2960 660 2997 quae
689 2951 767 2989 viri
796 2952 911 2990 docti
939 2963 993 2992 ex
1021 2954 1286 3002 imaginibus
1315 2956 1587 2995 cretensibus
1614 2955 1784 2995 efficere
1812 2965 1940 3004 posse
1967 2955 2050 2994 sibi

421 3025 500 3061 visi
542 3027 663 3073 sunt,
708 3028 1008 3074 pronuntiavit
1042 3029 1169 3068 haec:
1219 3031 1396 3080 „c’etait
1427 3041 1484 3069 un
1516 3031 1642 3079 genie
1675 3031 1726 3070 de
1759 3031 1800 3069 la
1831 3031 2047 3071 secondite
