2141 3487
355 904 525 993 DE
590 894 1509 991 AMAZONIEUS.

811 1103 880 1131 Der
903 1101 1084 1131 weibliche
1105 1100 1278 1130 Schwarm
1300 1099 1360 1128 der
1381 1098 1530 1128 Artemis
1552 1094 1753 1126 wiederholt

766 1155 841 1184 sich
865 1155 899 1184 in
925 1154 1002 1184 dem
1028 1153 1322 1184 Amazonenheer.

1267 1221 1407 1251 USENER
1432 1219 1525 1249 Gutt.
1550 1227 1583 1256 p.
1608 1217 1661 1247 42.

178 1415 294 1469 „HM-³
342 1417 471 1471 ἄγετε,
512 1418 770 1468 λευκόποδες,
811 1417 922 1467 οἵπερ
956 1415 1018 1455 ἐπὶ
1052 1416 1306 1466 Λειψύδριον
1339 1413 1531 1465 ἤλθομεν,
1564 1409 1616 1450 ὅτ’
1654 1405 1753 1461 ἦμεν

117 1495 189 1545 ἔτι,
231 1501 308 1534 νῦν
345 1495 422 1544 δεῖ,
454 1500 532 1533 νῦν
565 1493 792 1544 ἀνηβῆσαιῑ
828 1494 1035 1533 mulieres
1068 1493 1185 1532 enim
1217 1501 1363 1531 arcem
1397 1490 1612 1537 obtinent,
1646 1498 1753 1526 mox

118 1583 255 1612 naves
297 1573 492 1611 armatas
523 1571 834 1619 conscendent,
871 1570 1070 1609 Athenas
1103 1568 1368 1607 Artemisiae
1401 1566 1454 1605 ad
1483 1566 1623 1604 instar
1655 1566 1759 1602 sunt

120 1657 421 1697 aggressurae.
459 1646 566 1695 Quid
599 1647 636 1685 si
669 1646 883 1693 equitatui
915 1655 1083 1692 quoque
1111 1643 1378 1682 studebunt?
1405 1642 1563 1680 Actum
1592 1640 1675 1679 erit
1703 1640 1754 1678 de

120 1723 338 1772 equitibus
381 1723 558 1761 nostris.
603 1722 670 1760 An
713 1731 799 1760 non
842 1721 1042 1769 putatis?
1082 1721 1139 1759 At
1172 1730 1195 1758 o
1231 1719 1348 1768 boni,
1383 1716 1650 1755 ἱππικώτατον
1681 1715 1754 1767 γάρ

117 1797 198 1837 ἐστι
244 1804 374 1850 χρῆμα
421 1795 602 1848 κᾶποχον
649 1796 766 1849 γυνή.
811 1796 980 1835 Ridetis
1024 1796 1190 1834 etiam?
1232 1796 1277 1833 at
1311 1795 1512 1843 inspicite
1544 1792 1655 1831 mihi
1686 1790 1753 1837 τὰς

123 1872 356 1924 Ἀμαζόνας,
388 1871 434 1920 ἂς
468 1872 616 1911 Μίκων
648 1868 782 1924 ἔγραψ’
820 1867 886 1921 ἀφ’
924 1871 1058 1909 ἳππων
1091 1869 1316 1922 μαχομένας
1347 1873 1428 1916 τοῖς
1460 1868 1699 1919 ἀνδράσιν”.

185 1950 254 1989 Sic
285 1950 401 1988 salse
433 1960 587 1988 senum
623 1948 782 1987 chorus
814 1948 857 1986 in
890 1947 1139 1995 Lysistrata
1170 1947 1333 1995 fabula,
1368 1957 1476 1994 quae
1504 1956 1617 1984 anno
1645 1940 1756 1983 4110

121 2036 278 2064 scenae
310 2025 568 2064 Atheniensi
602 2024 812 2063 mandata
845 2025 923 2062 est.
957 2024 1071 2062 Ante
1103 2023 1338 2070 sexaginta
1366 2022 1456 2061 fere
1483 2031 1621 2060 annos
1648 2021 1756 2059 Mico

125 2101 341 2140 Poecilam
387 2102 537 2140 Stoam
582 2100 988 2139 Amazonomachia
1030 2100 1223 2148 ornarat,
1267 2108 1376 2146 quae
1417 2099 1562 2146 imago
1601 2096 1652 2134 ab
1685 2096 1759 2134 illo

122 2179 318 2226 tempore
351 2177 461 2215 nulli
494 2187 579 2215 non
613 2176 697 2214 civi
729 2175 945 2214 coloribus
976 2174 1269 2213 vividissimis
1297 2178 1398 2212 ante
1425 2173 1573 2211 oculos
1601 2171 1759 2210 stabat.

183 2253 276 2292 Non
322 2264 405 2301 quo
449 2254 550 2291 ante
593 2252 807 2290 Miconem
848 2252 1099 2289 Amazones
1139 2250 1327 2289 Athenis
1367 2250 1541 2298 ignotae
1584 2248 1759 2286 fuerint.

124 2330 286 2378 Immo,
320 2328 512 2367 familias
544 2328 668 2376 pater
699 2325 798 2376 πρὸς
830 2330 910 2376 πῦρ
944 2323 1110 2363 διέλκων
1143 2321 1218 2374 μετ’
1250 2323 1411 2375 ἀνδρῶν
1439 2322 1604 2375 ἑταίρων
1631 2323 1759 2372 φίλων

123 2415 222 2444 cum
256 2414 356 2443 sera
390 2402 646 2452 crepuscula
678 2402 850 2440 noctem
885 2401 1130 2449 traherent,
1164 2401 1380 2439 factorum
1412 2400 1594 2439 fortium
1627 2399 1758 2438 maio·

121 2491 219 2519 rum
252 2489 422 2518 memor
449 2488 622 2526 semper
649 2478 811 2525 fuerat,
841 2476 1000 2514 talium
1027 2476 1289 2524 praesertim
1316 2476 1552 2524 maiorum,
1574 2485 1757 2522 quorum

125 2555 357 2604 institutis,
407 2554 694 2593 fundamento
743 2552 878 2591 solido
927 2554 970 2590 et
1017 2553 1209 2600 aeterno,
1260 2552 1485 2590 civitatem
1528 2551 1608 2589 niti
1649 2551 1762 2588 inter

125 2641 278 2670 omnes
317 2630 561 2669 constabat.
597 2628 729 2668 Cuius
763 2630 912 2666 autem
945 2628 1060 2676 regis
1093 2628 1213 2676 prius
1246 2628 1289 2665 in
1322 2628 1516 2666 mentem
1551 2627 1588 2665 ei
1621 2626 1760 2664 venie-

126 2707 200 2745 bat
247 2717 379 2754 quam
428 2705 617 2744 Thesei?
666 2704 896 2743 cuiusnam
944 2703 1151 2742 facinoris
1200 2703 1377 2752 saepius
1424 2712 1553 2750 quam
1602 2701 1762 2739 atrocis

123 2782 275 2831 proelii
315 2784 380 2820 tot
423 2782 524 2820 ante
567 2780 744 2819 saecula
785 2779 865 2817 sub
900 2779 1007 2827 ipsis
1040 2779 1314 2817 Athenarum
1349 2778 1578 2817 moenibus
1611 2778 1761 2815 contra

125 2859 373 2897 Amazones
425 2856 685 2896 commissi?
733 2855 885 2893 Nonne
935 2854 1132 2892 tumulos
1180 2864 1347 2902 quoque
1390 2854 1502 2902 apud
1549 2853 1758 2899 Pnycem,

125 2943 235 2981 pone
282 2933 527 2981 Musaeum,
576 2933 699 2980 pater
746 2929 833 2968 filio
881 2929 1178 2977 monstrabat,
1225 2929 1297 2967 ubi
1338 2930 1603 2976 Amazones,
1649 2937 1758 2973 quae

127 3009 283 3049 Thesei
329 3018 465 3050 manu
513 3007 777 3056 ceciderant,
830 3006 953 3044 erant
1000 3005 1230 3055 sepultae?
1279 3004 1387 3054 Quin
1434 3004 1566 3042 etiam
1616 3004 1759 3051 erant,
