2200 3487
484 369 564 405 164
1150 377 1203 404 DE
1235 376 1431 404 CARNEIS.

476 495 581 530 tunc
627 491 804 529 demum
854 491 1013 528 vivitur
1061 500 1157 528 cum
1202 490 1353 528 tardas
1393 490 1481 527 dux
1523 490 1667 537 gregis
1709 490 1823 528 inter
1856 501 1960 528 oves
1991 490 2098 528 solis

478 567 805 605 vehementiam
847 566 980 603 nimis
1022 566 1093 603 diu
1138 575 1370 613 perpessus
1403 566 1551 603 animo
1583 567 1707 612 grato
1739 566 1923 613 suspicit
1953 565 2095 604 lucem

474 642 703 680 candidam
751 641 869 678 illius
910 641 1032 687 deae,
1078 649 1187 686 quae
1229 640 1364 677 astris
1412 639 1655 677 innumeris
1701 641 1863 688 stipata
1911 641 2100 687 pastoris

474 719 587 755 inter
629 726 803 764 gregem
850 715 1066 753 versantis
1108 715 1345 761 imaginem
1389 714 1548 752 referre
1593 715 1763 752 videtur
1794 715 1889 762 ipsa
1924 712 1964 759 ¹).
1998 715 2096 753 Ves-

476 792 565 841 peri
599 792 746 839 igitur,

830 861 879 903 ὅτ’
917 863 957 902 ἐν
991 863 1151 917 οὐρανῷ
1184 862 1306 912 ἄστρα
1340 862 1515 912 φαεινὴν
1548 861 1651 912 ἀμφὶ
1684 864 1852 913 σελήνην

654 936 803 990 φαίνετ’
839 938 1057 989 ἀριπρεπέα
1091 938 1152 976 ὅτε
1184 935 1210 976 τ’
1247 937 1382 976 ἔπλετο
1416 938 1587 987 νήνεμος
1621 938 1766 988 αἰθήρ,

651 1016 781 1054 πάντα
814 1012 856 1053 δὲ
886 1014 1063 1052 ,Ρείδεται
1096 1012 1238 1064 ἄστρα,
1269 1012 1418 1065 γέγηθε
1452 1012 1493 1051 δέ
1527 1028 1565 1051 τε
1599 1012 1727 1063 φρένα
1760 1014 1922 1064 ποιμήν.

476 1095 652 1134 Accedit
694 1094 800 1131 haec
840 1101 1009 1139 quoque
1048 1101 1116 1129 res
1151 1091 1264 1129 haud
1296 1090 1408 1128 levis
1440 1091 1655 1128 momenti
1689 1090 1740 1128 ad
1772 1090 1899 1129 lunae
1932 1091 2096 1130 cultum

476 1171 586 1219 apud
630 1168 962 1215 antiquissimos
1005 1167 1206 1204 homines
1248 1166 1573 1213 explicandum,
1619 1166 1729 1212 quod
1771 1166 1874 1204 luna
1906 1167 1992 1205 leni
2023 1177 2101 1205 suo

476 1258 550 1295 per
598 1245 765 1284 caelum
815 1246 936 1281 motu
989 1243 1206 1288 variisque
1249 1242 1342 1279 suis
1380 1240 1532 1289 figuris
1581 1242 1828 1280 accuratius
1870 1244 1913 1279 et.
1945 1242 2104 1280 clarius

475 1332 604 1369 quam
648 1320 712 1358 sol
754 1327 1039 1367 progressum
1084 1318 1251 1355 dierum
1287 1317 1466 1355 indicat.
1511 1317 1762 1364 Simplicem
1798 1318 1931 1364 igitur
1963 1320 2103 1364 pasto·

476 1407 587 1444 rein,
622 1396 693 1442 qui
726 1396 818 1432 suis
852 1395 894 1431 in
928 1393 1151 1431 montibus
1184 1394 1335 1440 ageret
1369 1393 1504 1430 vitam
1541 1392 1775 1439 modicam,
1806 1392 1934 1430 lunae
1961 1393 2104 1440 magis

477 1481 607 1518 quam
651 1470 759 1508 solis
793 1479 972 1507 curasse
1006 1477 1179 1506 cursum
1214 1467 1514 1515 temporisque
1554 1467 1744 1514 spatium
1779 1466 1930 1505 diebus
1961 1468 2106 1515 potius

476 1556 608 1593 quam
641 1545 768 1584 annis
801 1544 1021 1591 divisisse,
1057 1543 1154 1590 quis
1187 1543 1402 1581 miretur?

535 1621 616 1659 Sed
667 1620 810 1658 lierbis
855 1629 1022 1667 quoque
1067 1619 1364 1657 crescentibus
1407 1618 1555 1656 favere
1588 1618 1689 1656 luna
1724 1618 1964 1656 videbatur.
1997 1619 2105 1657 Nam

477 1707 577 1735 cum
620 1696 674 1734 iis
716 1696 937 1741 noctibus,
984 1695 1140 1742 quibus
1175 1694 1344 1732 caelum
1378 1693 1566 1731 nubibus
1600 1696 1719 1732 caret
1753 1696 1795 1731 et
1828 1693 1932 1731 luna
1963 1693 2106 1732 claris-

475 1772 585 1809 sime
625 1771 896 1819 resplendet,
931 1773 1020 1808 tam
1065 1770 1205 1808 solun]
1241 1779 1369 1816 quam
1405 1769 1563 1807 herbae
1595 1771 1793 1806 maxime
1825 1769 2107 1816 refrigescere

473 1848 661 1893 soleant,
707 1847 818 1883 unde
861 1847 1046 1892 augetur
1088 1844 1198 1882 roris
1241 1845 1363 1891 copia
1397 1848 1437 1882 et
1474 1844 1561 1887 vis;
1597 1854 1781 1890 cumque
1815 1844 2104 1882 meridionali-

475 1921 554 1960 bus
587 1922 628 1958 in
663 1921 791 1959 terris
823 1920 998 1968 pluviae
1032 1931 1128 1957 raro
1156 1919 1355 1957 cadentis
1382 1918 1520 1957 officio
1553 1919 1762 1966 fungatur
1790 1928 1861 1957 ros
1881 1914 1929 1964 ²),
1957 1919 2104 1957 lunam

473 1998 610 2045 ipsam
661 1998 813 2034 nerbas
863 2006 1013 2033 umore
1062 2004 1333 2043 respergere,
1384 1994 1473 2031 vim
1516 1994 1737 2032 crescendi
1780 2004 1939 2041 augere
1984 1995 2105 2033 fama

474 2073 640 2111 ferebat
681 2071 915 2120 popularis.
958 2070 1083 2108 Unde
1126 2070 1230 2108 luna
1268 2069 1539 2117 apellabatur
1571 2070 1818 2118 φερέκαρπος
1843 2065 1893 2117 3);
1928 2070 2029 2116 quin
2063 2071 2105 2108 et

473 2148 720 2186 dicebatur:
754 2143 778 2195 ἡ
812 2145 955 2195 σελήνη
992 2144 1169 2196 ὑγραίνει
1198 2140 1242 2189 4).
1289 2144 1380 2192 Qua
1412 2155 1457 2182 re
1492 2144 1675 2183 minime
1707 2145 1922 2183 miramur
1952 2144 2103 2183 lunam

474 2223 601 2261 deam
635 2233 730 2260 cum
766 2222 922 2260 Terrae
953 2221 1134 2258 numine
1167 2220 1399 2268 coaluisse,
1435 2222 1483 2258 ut
1516 2230 1601 2258 una
1635 2220 1872 2268 eademque
1904 2221 1984 2258 dea
2009 2222 2102 2258 tam

475 2299 516 2336 in
565 2298 682 2335 caelo
729 2307 859 2344 quam
907 2297 950 2334 in
997 2298 1114 2334 terra
1161 2306 1343 2343 regnare
1388 2297 1655 2342 naturaeque
1699 2296 1835 2333 vitam
1880 2296 2105 2334 moderare

473 2374 794 2411 aestimaretur.
829 2371 1122 2410 invocabatur
1156 2373 1306 2408 autem
1339 2371 1517 2409 nomine
1549 2375 1617 2419 τῆς
1647 2374 1764 2419 θεοῦ,
1791 2381 1915 2419 nam,
1946 2373 1995 2408 ut
2017 2381 2102 2408 rec·

476 2448 647 2486 tissime
681 2447 933 2486 observavit
964 2446 1211 2484 Herodotus
1237 2442 1288 2490 ⁵):
1324 2444 1477 2494 »ἔθυον
1496 2445 1626 2483 πάντα
1643 2445 1834 2496 πρότερον
1852 2445 1892 2484 οἰ
1907 2444 2106 2497 Πέλασγοι

478 2525 656 2560 θεοῖσι
704 2521 980 2571 ἐπευχόμενοι,
1028 2519 1258 2569 ἐπωνυμίην
1307 2517 1348 2557 δὲ
1397 2517 1490 2558 οὐδὲ
1532 2518 1687 2569 οὔνομα
1729 2518 1934 2559 ἐποιεῦντο
1971 2519 2106 2559 οὐδενὶ

478 2598 652 2635 αὐτῶυ”.
693 2598 930 2646 Paulatim,
979 2599 1027 2635 ut
1060 2596 1253 2633 numinis
1286 2596 1453 2643 species
1486 2596 1686 2634 diversae
1722 2596 1970 2634 accuratius
2002 2596 2106 2634 indi-

522 2767 547 2805 l)
573 2771 674 2805 ἁγεῖτο
699 2771 809 2797 σελάνα
833 2769 946 2806 ποιμὴν
972 2772 1087 2807 νυχίων
1112 2773 1193 2798 θεῶν
1218 2769 1337 2806 Synes.
1363 2769 1477 2806 hymn.
1504 2769 1561 2804 IX,
1587 2770 1627 2798 33
1653 2777 1728 2806 sqq.

521 2828 547 2868 ²)
573 2829 645 2859 vid.
675 2832 707 2857 Ψ
728 2830 790 2858 597
818 2830 937 2859 Aesch.
966 2830 1085 2867 Agam.
1110 2831 1193 2859 1389
1220 2839 1271 2867 sq.

520 2887 548 2927 ³)
572 2890 694 2927 Hymn.
719 2890 823 2928 Orph.
850 2890 906 2925 IX,
935 2892 964 2919 5.

516 2949 543 2988 ⁴)
568 2951 615 2981 Io.
639 2951 754 2988 Lydus
780 2960 811 2989 p.
837 2953 877 2980 62
902 2952 970 2987 (ed.
993 2952 1177 2987 Roethem.
1198 2949 1355 2981 Plurima
1375 2951 1527 2990 optimae
1547 2953 1647 2980 not-ae
1667 2949 1764 2980 hisce
1785 2950 1827 2980 de
1848 2949 1953 2980 rebus
1966 2948 2107 2988 collegit

475 3012 627 3042 Roscher
654 3012 798 3048 „Selene
824 3013 914 3042 etc.''

518 3072 545 3112 ὓ)
571 3074 697 3104 Herod.
723 3074 769 3110 II,
797 3074 847 3103 52.
