2141 3487
731 338 783 366 DE
816 337 1111 366 AMAZONIBUS.
1655 332 1732 369 147

106 456 212 494 colis
243 455 477 502 nautisque
511 454 810 499 honoraretur,
845 463 869 490 a
902 452 1151 490 Troezeniis
1183 453 1284 490 ante
1317 452 1426 490 alios
1459 455 1588 492 anxie
1621 456 1739 494 culta

105 541 202 569 esse
245 530 426 568 videtur.
471 529 553 567 Sed
596 539 682 567 non
716 529 882 567 minore
915 528 1078 566 honore
1109 528 1167 565 ibi
1199 527 1423 566 fruebatur
1456 531 1633 568 caterva
1664 531 1740 570 illa

106 606 419 654 nympharum,
449 614 635 652 quacum
662 614 736 652 per
761 605 935 642 montes
963 605 1007 642 et
1033 603 1171 641 maria
1197 604 1346 651 vagari
1363 603 1533 643 solebat
1548 605 1739 645 Latonae

105 680 206 720 filia.
240 680 324 719 Vix
357 680 472 719 enim
506 682 610 718 nata
642 682 811 727 patrem
843 679 1010 717 adierat
1043 679 1162 726 virgo
1194 679 1450 717 obsecrans:

284 754 352 801 δὸς
385 754 428 794 δέ
459 769 526 805 μοι
558 753 749 804 ἑξήκοντα
780 754 991 805 χορήτιδας
1020 750 1274 803 Ὠκεανίνας,

286 830 354 877 δὸς
387 829 430 869 δέ
458 845 524 880 μοι
556 829 811 880 ἀμφιπόλους
840 826 1069 879 Ἀμνισίόας
1102 828 1224 867 εἴκοσι
1256 829 1421 879 νύμφας
1444 827 1484 876 ¹).

166 907 252 946 Nec
284 907 507 956 repulsam
540 907 721 955 tulerat,
756 907 914 946 immo:

284 981 404 1020 ἔνθεν
437 983 555 1027 (ibat)
588 978 643 1020 ἐπ’
674 978 880 1020 Ὠκεανόν·
913 979 1058 1027 πολέας
1091 977 1126 1019 δ’
1162 979 1367 1027 ἐπελέξατο
1400 982 1563 1032 νύμφας

284 1057 415 1104 πάσας
448 1056 635 1107 εἰνέτεας,
666 1057 797 1103 πάσας
829 1056 884 1096 ἔτι
915 1057 1062 1103 παῖδας
1095 1054 1296 1107 ἀμίτρους.

1005 1135 1114 1183 χαῖρε
1147 1129 1189 1170 δὲ
1224 1134 1384 1183 Τηθύς,

283 1208 432 1247 οὕνεκα
463 1206 689 1260 θυγατέρας
723 1208 901 1258 Λητωίδι
933 1206 1087 1257 πέμπεν
1120 1206 1325 1258 ἀμορβούς
1344 1206 1388 1253 2).

166 1285 254 1324 Nec
309 1285 531 1324 immerito
579 1285 657 1324 dea
707 1284 828 1333 virgo
877 1285 1097 1333 nymphas
1143 1294 1305 1323 oceano
1353 1286 1472 1323 ort-as
1519 1286 1742 1335 diligebat,

108 1371 219 1409 quae
251 1361 390 1399 enim:

404 1442 555 1487 πρῶται
587 1435 670 1474 θοὰ
701 1436 793 1483 τόξα
826 1435 892 1474 καὶ
926 1432 1022 1486 ἀμφ’
1059 1435 1202 1486 ὤμοισι
1234 1435 1432 1488 φαρέτρας

287 1511 474 1558 ἰοδόκους
507 1511 726 1564 ἐφόρησαν·
758 1510 955 1551 ἀσύλωτοι
989 1511 1031 1551 δέ
1064 1527 1136 1562 φιν
1171 1507 1271 1563 ὦμοι

288 1586 494 1638 ὁὲξιτεροί,
525 1587 605 1626 καὶ
641 1587 835 1640 γυμνὸς
868 1586 944 1626 ἀεὶ
978 1588 1342 1638 παρεφαίνετο
1375 1584 1595 1641 μαζός3).

169 1663 254 1702 Suo
285 1665 418 1712 igitur
448 1665 542 1703 iure
571 1665 837 1703 maritimam
867 1665 994 1703 deam
1024 1665 1348 1703 comitabantur
1374 1667 1621 1704 Amazones
1648 1666 1748 1704 illae

111 1748 134 1777 e
174 1739 380 1778 fluctibus
423 1742 563 1788 ortae,
607 1751 711 1779 nam
754 1743 797 1779 et
838 1741 931 1789 ipsa
968 1741 1072 1789 Opis
1104 1743 1295 1779 matrem
1328 1741 1515 1780 habebat
1546 1742 1749 1791 Γλαύκην,

112 1825 278 1855 numen
310 1816 604 1864 maritimum,
639 1815 929 1855 invocabatur
962 1818 1005 1854 et
1035 1816 1152 1864 ipsa:

290 1888 462 1930 δέσποιν’
499 1889 612 1938 ἁλίας
635 1890 793 1942 ’Ἀρτεμι
826 1891 986 1940 Λίμνας
1003 1887 1049 1940 4),

110 1966 410 2015 templumque
443 1968 698 2017 possidebat
730 1969 774 2006 in
806 1968 934 2006 litore
965 1968 1060 2016 ipso
1093 1968 1216 2006 sinus
1249 1968 1458 2008 Saronici.

174 2042 375 2091 Optimae
414 2045 564 2083 autem
607 2044 747 2092 frugis
790 2046 895 2082 sunt
936 2044 1164 2082 Strabonis
1208 2044 1316 2082 haec
1357 2044 1408 2082 de
1440 2044 1559 2082 Elide
1593 2045 1746 2083 verba:

119 2116 263 2168 ημεστὴ
307 2115 341 2157 δ’
389 2117 494 2157 ἐστὶν
536 2117 559 2168 ἡ
602 2125 652 2170 γῆ
684 2125 792 2157 πᾶσα
822 2115 1076 2169 Ἀρτεμισίων
1109 2133 1147 2157 τε
1179 2117 1245 2157 καὶ
1277 2120 1512 2168 Νυμφαίων
1545 2118 1630 2157 διὰ
1663 2119 1751 2169 τὴν

114 2194 373 2246 εὖυδρίαν
393 2192 467 2242 ⁵)”.

172 2271 310 2310 Deam
353 2281 455 2310 vero
497 2272 769 2310 maritimam
814 2281 922 2318 equo
957 2272 1192 2310 vehentem
1226 2272 1444 2319 depictam
1477 2271 1633 2320 fuisse,
1667 2281 1753 2310 non

115 2349 184 2386 est
216 2348 328 2395 quod
359 2348 586 2395 miremur,
621 2357 720 2385 cum
754 2356 1058 2394 quamcunque
1092 2347 1142 2385 ob
1177 2357 1356 2385 causam
1391 2357 1526 2394 equus
1560 2349 1603 2386 et
1634 2357 1755 2386 mare

116 2424 320 2472 coniungi
362 2423 548 2461 soleant.
590 2422 808 2461 Nummus
851 2423 1058 2470 ephesius
1078 2418 1107 2464 6)
1145 2422 1322 2461 exhibet
1353 2422 1539 2461 Dianam
1572 2424 1616 2461 in
1649 2433 1758 2470 equo

115 2500 356 2538 sedentem.
399 2498 645 2537 Accedebat
687 2508 793 2537 sane
835 2498 947 2546 quod
990 2498 1144 2537 eadem
1177 2498 1258 2536 dea
1288 2498 1454 2536 lunaris
1486 2498 1570 2536 fuit
1606 2499 1681 2537 sed
1715 2501 1758 2537 et

116 2575 240 2614 illam
268 2574 320 2613 ob
349 2584 528 2613 causam
557 2584 666 2621 equo
694 2574 790 2612 albo
823 2574 923 2612 vehi
949 2573 1118 2612 solebat
1144 2572 1300 2621 Diana,
1331 2575 1379 2611 ut
1406 2578 1554 2611 omnia
1575 2574 1757 2611 numina

117 2650 299 2689 lucifera
316 2645 360 2694 ⁷).
407 2649 525 2699 Quod
566 2650 619 2688 ad
658 2650 844 2688 comites
878 2649 970 2688 eius
1002 2650 1176 2697 attinet,
1213 2659 1286 2687 eas
1319 2658 1488 2696 quoque
1521 2649 1674 2687 eadem
1707 2649 1756 2687 de

119 2736 252 2764 causa
292 2726 415 2773 equis
459 2735 557 2764 esse
597 2734 703 2763 usas
746 2734 821 2773 per
863 2734 910 2763 se
951 2723 1236 2772 intellegitur.
1272 2725 1362 2762 Iam
1399 2724 1590 2762 vidimus
1623 2734 1756 2762 unam

166 2919 193 2959 l)
216 2920 349 2952 Gallim.
373 2922 414 2952 H.
441 2919 482 2951 D.
506 2930 556 2950 vs-
583 2921 623 2951 13
650 2929 700 2958 sq.
887 2917 914 2957 ²)
938 2917 1023 2949 ibid.
1048 2927 1097 2949 vs.
1124 2920 1177 2949 42.
1371 2916 1396 2959 ³)
1420 2918 1494 2948 ibid
1518 2927 1567 2947 vs.
1595 2919 1658 2948 212
1685 2926 1758 2956 sqq.

164 2980 192 3020 ⁴)
217 2983 300 3013 Eur.
323 2983 428 3021 Hipp.
454 2991 504 3012 ve.
530 2983 605 3012 228.
788 2980 813 3017 ⁵)
838 2980 932 3016 VIII,
957 2981 1031 3010 343.
1217 2977 1245 3017 ⁶)
1270 2980 1425 3009 Mionnet
1450 2980 1573 3017 Suppl.
1600 2979 1656 3015 VI,
1682 2982 1757 3011 435.

167 3043 195 3083 ⁷)
218 3045 349 3075 Robert
373 3045 474 3074 Arch:
500 3044 662 3074 Marenen
689 3043 759 3072 tab.
784 3042 846 3072 III.
