<?xml version="1.0" encoding="UTF-8"?>
<!DOCTYPE html PUBLIC "-//W3C//DTD XHTML 1.0 Transitional//EN"
    "http://www.w3.org/TR/xhtml1/DTD/xhtml1-transitional.dtd">
<html xmlns="http://www.w3.org/1999/xhtml" xml:lang="en" lang="en">
 <head>
  <title>
</title>
<meta http-equiv="Content-Type" content="text/html;charset=utf-8" />
  <meta name='ocr-system' content='tesseract 3.04.00' />
  <meta name='ocr-capabilities' content='ocr_page ocr_carea ocr_par ocr_line ocrx_word'/>
</head>
<body>
  <div class='ocr_page' id='page_1' title='image "./deaiacisoriginec00vr_0020.png"; bbox 0 0 2200 3487; ppageno 0'>
   <div class='ocr_carea' id='block_1_1' title="bbox 355 338 1276 376">
    <p class='ocr_par' dir='ltr' id='par_1_1' title="bbox 355 338 1276 376">
     <span class='ocr_line' id='line_1_1' title="bbox 355 338 1276 376; baseline -0.002 0"><span class='ocrx_word' id='word_1_1' title='bbox 355 338 379 376; x_wconf 81' lang='lat'>8</span> <span class='ocrx_word' id='word_1_2' title='bbox 1047 348 1100 374; x_wconf 68' lang='lat' dir='ltr'>Di«)</span> <span class='ocrx_word' id='word_1_3' title='bbox 1132 347 1276 375; x_wconf 76' lang='grc' dir='ltr'>ΛΙΑΟΕ.</span> 
     </span>
    </p>
   </div>
   <div class='ocr_carea' id='block_1_2' title="bbox 348 459 1985 3066">
    <p class='ocr_par' dir='ltr' id='par_1_2' title="bbox 354 459 1976 736">
     <span class='ocr_line' id='line_1_2' title="bbox 354 459 1973 509; baseline -0.001 -10"><span class='ocrx_word' id='word_1_4' title='bbox 354 462 479 500; x_wconf 90' lang='lat' dir='ltr'>illum</span> <span class='ocrx_word' id='word_1_5' title='bbox 506 462 715 499; x_wconf 89' lang='lat' dir='ltr'>nimirum</span> <span class='ocrx_word' id='word_1_6' title='bbox 745 463 897 509; x_wconf 86' lang='lat' dir='ltr'>petens</span> <span class='ocrx_word' id='word_1_7' title='bbox 924 470 1124 509; x_wconf 89' lang='lat' dir='ltr'>scopum,</span> <span class='ocrx_word' id='word_1_8' title='bbox 1145 460 1218 507; x_wconf 90' lang='lat' dir='ltr'>qui</span> <span class='ocrx_word' id='word_1_9' title='bbox 1235 470 1366 508; x_wconf 89' lang='lat' dir='ltr'>supra</span> <span class='ocrx_word' id='word_1_10' title='bbox 1382 460 1563 499; x_wconf 86' lang='lat' dir='ltr'>loricam</span> <span class='ocrx_word' id='word_1_11' title='bbox 1581 461 1724 499; x_wconf 92' lang='lat' dir='ltr'>nudus</span> <span class='ocrx_word' id='word_1_12' title='bbox 1741 459 1973 499; x_wconf 82' lang='lat' dir='ltr'>eminebat.</span> 
     </span>
     <span class='ocr_line' id='line_1_3' title="bbox 354 536 785 586; baseline -0.002 -12"><span class='ocrx_word' id='word_1_13' title='bbox 354 536 492 586; x_wconf 78' lang='lat' dir='ltr'>Quam</span> <span class='ocrx_word' id='word_1_14' title='bbox 525 536 576 574; x_wconf 94' lang='lat' dir='ltr'>ob</span> <span class='ocrx_word' id='word_1_15' title='bbox 609 546 785 574; x_wconf 86' lang='lat' dir='ltr'>causam</span> 
     </span>
     <span class='ocr_line' id='line_1_4' title="bbox 883 609 1550 661; baseline 0.001 -14"><span class='ocrx_word' id='word_1_16' title='bbox 883 610 1026 648; x_wconf 81' lang='grc' dir='ltr'><em>Αἴαντι</em></span> <span class='ocrx_word' id='word_1_17' title='bbox 1057 610 1377 659; x_wconf 58' lang='grc' dir='ltr'><strong><em>περιδάῗείσαντες</em></strong></span> <span class='ocrx_word' id='word_1_18' title='bbox 1411 609 1550 661; x_wconf 80' lang='grc' dir='ltr'>Ἀχαιοὶ</span> 
     </span>
     <span class='ocr_line' id='line_1_5' title="bbox 532 681 1976 736; baseline -0.001 -12"><span class='ocrx_word' id='word_1_19' title='bbox 532 685 814 736; x_wconf 74' lang='grc' dir='ltr'><strong><em>παυσαμένους</em></strong></span> <span class='ocrx_word' id='word_1_20' title='bbox 850 684 1059 724; x_wconf 76' lang='grc' dir='ltr'><strong><em>ἐκέλευσαν</em></strong></span> <span class='ocrx_word' id='word_1_21' title='bbox 1092 683 1234 722; x_wconf 78' lang='grc' dir='ltr'><em>ἀέθλια</em></span> <span class='ocrx_word' id='word_1_22' title='bbox 1266 681 1348 722; x_wconf 66' lang='lat' dir='ltr'>fzo’</span> <span class='ocrx_word' id='word_1_23' title='bbox 1385 684 1600 723; x_wconf 80' lang='grc' dir='ltr'><em>ἀνελέσθαι</em></span> <span class='ocrx_word' id='word_1_24' title='bbox 1663 689 1742 731; x_wconf 88' lang='lat' dir='ltr'>(VS.</span> <span class='ocrx_word' id='word_1_25' title='bbox 1770 686 1854 724; x_wconf 82' lang='grc'>822</span> <span class='ocrx_word' id='word_1_26' title='bbox 1882 687 1976 731; x_wconf 59' lang='lat' dir='ltr'>sq).</span> 
     </span>
    </p>

    <p class='ocr_par' dir='ltr' id='par_1_3' title="bbox 353 761 1980 886">
     <span class='ocr_line' id='line_1_6' title="bbox 413 761 1980 809; baseline -0.002 -7"><span class='ocrx_word' id='word_1_27' title='bbox 413 763 687 802; x_wconf 81' lang='lat' dir='ltr'>Conveniunt</span> <span class='ocrx_word' id='word_1_28' title='bbox 731 773 829 801; x_wconf 86' lang='lat' dir='ltr'>cum</span> <span class='ocrx_word' id='word_1_29' title='bbox 874 761 1041 800; x_wconf 90' lang='lat' dir='ltr'>scholio</span> <span class='ocrx_word' id='word_1_30' title='bbox 1085 761 1136 799; x_wconf 88' lang='lat' dir='ltr'>ad</span> <span class='ocrx_word' id='word_1_31' title='bbox 1176 763 1220 798; x_wconf 82' lang='grc' dir='ltr'><strong>Ψ</strong></span> <span class='ocrx_word' id='word_1_32' title='bbox 1248 762 1352 809; x_wconf 84' lang='grc'><strong>821,</strong></span> <span class='ocrx_word' id='word_1_33' title='bbox 1392 772 1502 809; x_wconf 89' lang='lat' dir='ltr'>quae</span> <span class='ocrx_word' id='word_1_34' title='bbox 1533 762 1710 800; x_wconf 78' lang='lat' dir='ltr'>tradidit</span> <span class='ocrx_word' id='word_1_35' title='bbox 1742 761 1980 800; x_wconf 89' lang='lat' dir='ltr'>scholiasta</span> 
     </span>
     <span class='ocr_line' id='line_1_7' title="bbox 353 832 998 886; baseline -0.003 -9"><span class='ocrx_word' id='word_1_36' title='bbox 353 840 406 878; x_wconf 87' lang='lat' dir='ltr'>ad</span> <span class='ocrx_word' id='word_1_37' title='bbox 439 839 568 886; x_wconf 88' lang='lat' dir='ltr'>Soph.</span> <span class='ocrx_word' id='word_1_38' title='bbox 603 838 721 876; x_wconf 87' lang='lat' dir='ltr'>Aiac.</span> <span class='ocrx_word' id='word_1_39' title='bbox 758 848 820 876; x_wconf 88' lang='lat' dir='ltr'>vs.</span> <span class='ocrx_word' id='word_1_40' title='bbox 861 832 998 876; x_wconf 46' lang='lat'>8335</span> 
     </span>
    </p>

    <p class='ocr_par' dir='ltr' id='par_1_4' title="bbox 351 908 1984 1565">
     <span class='ocr_line' id='line_1_8' title="bbox 419 908 1979 964; baseline -0.003 -13"><span class='ocrx_word' id='word_1_41' title='bbox 419 911 771 964; x_wconf 62' lang='grc' dir='ltr'><strong><em>ηπαραδεδομένον</em></strong></span> <span class='ocrx_word' id='word_1_42' title='bbox 816 910 857 950; x_wconf 81' lang='grc' dir='ltr'>δὲ</span> <span class='ocrx_word' id='word_1_43' title='bbox 894 911 992 950; x_wconf 84' lang='grc' dir='ltr'><strong><em>κατὰ</em></strong></span> <span class='ocrx_word' id='word_1_44' title='bbox 1025 911 1217 961; x_wconf 80' lang='grc' dir='ltr'><em>ἱστορίαν,</em></span> <span class='ocrx_word' id='word_1_45' title='bbox 1249 911 1307 950; x_wconf 82' lang='grc' dir='ltr'>ὅτι</span> <span class='ocrx_word' id='word_1_46' title='bbox 1339 910 1436 949; x_wconf 83' lang='grc' dir='ltr'><strong><em>κατὰ</em></strong></span> <span class='ocrx_word' id='word_1_47' title='bbox 1467 910 1509 950; x_wconf 91' lang='grc' dir='ltr'>τὸ</span> <span class='ocrx_word' id='word_1_48' title='bbox 1541 910 1635 949; x_wconf 76' lang='grc' dir='ltr'>ἄλλο</span> <span class='ocrx_word' id='word_1_49' title='bbox 1667 917 1777 960; x_wconf 83' lang='grc' dir='ltr'><strong><em>σῶμα</em></strong></span> <span class='ocrx_word' id='word_1_50' title='bbox 1809 908 1979 960; x_wconf 74' lang='grc' dir='ltr'><strong><em>ἄτρωτος</em></strong></span> 
     </span>
     <span class='ocr_line' id='line_1_9' title="bbox 355 981 1976 1040; baseline -0.003 -13"><span class='ocrx_word' id='word_1_51' title='bbox 355 984 405 1040; x_wconf 77' lang='grc' dir='ltr'>ἦν</span> <span class='ocrx_word' id='word_1_52' title='bbox 448 987 467 1028; x_wconf 87' lang='grc' dir='ltr'>ὁ</span> <span class='ocrx_word' id='word_1_53' title='bbox 502 989 621 1038; x_wconf 83' lang='grc' dir='ltr'><strong><em>Αἴας,</em></strong></span> <span class='ocrx_word' id='word_1_54' title='bbox 651 987 749 1026; x_wconf 79' lang='grc' dir='ltr'><strong><em>κατὰ</em></strong></span> <span class='ocrx_word' id='word_1_55' title='bbox 781 986 822 1026; x_wconf 81' lang='grc' dir='ltr'>δὲ</span> <span class='ocrx_word' id='word_1_56' title='bbox 855 987 925 1037; x_wconf 82' lang='grc' dir='ltr'>τὴν</span> <span class='ocrx_word' id='word_1_57' title='bbox 958 987 1379 1038; x_wconf 79' lang='grc' dir='ltr'>μασχάληικμόνην&gt;</span> <span class='ocrx_word' id='word_1_58' title='bbox 1416 986 1559 1037; x_wconf 88' lang='grc' dir='ltr'><strong><em>τρωτὸς</em></strong></span> <span class='ocrx_word' id='word_1_59' title='bbox 1593 985 1659 1025; x_wconf 87' lang='grc' dir='ltr'>διὰ</span> <span class='ocrx_word' id='word_1_60' title='bbox 1690 985 1732 1024; x_wconf 88' lang='grc' dir='ltr'>τὸ</span> <span class='ocrx_word' id='word_1_61' title='bbox 1764 985 1831 1023; x_wconf 87' lang='grc' dir='ltr'>τὸν</span> <span class='ocrx_word' id='word_1_62' title='bbox 1856 981 1976 1035; x_wconf 48' lang='grc' dir='ltr'><strong><em>(Ηρα-</em></strong></span> 
     </span>
     <span class='ocr_line' id='line_1_10' title="bbox 353 1059 1980 1118; baseline -0.003 -16"><span class='ocrx_word' id='word_1_63' title='bbox 353 1064 445 1103; x_wconf 83' lang='grc' dir='ltr'>κλέα</span> <span class='ocrx_word' id='word_1_64' title='bbox 487 1071 533 1118; x_wconf 82' lang='grc' dir='ltr'>τῇ</span> <span class='ocrx_word' id='word_1_65' title='bbox 574 1068 713 1118; x_wconf 76' lang='grc' dir='ltr'><strong><em>λεοντῇ</em></strong></span> <span class='ocrx_word' id='word_1_66' title='bbox 756 1063 880 1102; x_wconf 86' lang='grc' dir='ltr'><strong><em>αὐτὸν</em></strong></span> <span class='ocrx_word' id='word_1_67' title='bbox 922 1063 1172 1101; x_wconf 74' lang='grc' dir='ltr'><strong><em>σκεπάσαντα</em></strong></span> <span class='ocrx_word' id='word_1_68' title='bbox 1214 1061 1313 1100; x_wconf 86' lang='grc' dir='ltr'><strong><em>κατὰ</em></strong></span> <span class='ocrx_word' id='word_1_69' title='bbox 1352 1069 1466 1101; x_wconf 84' lang='grc' dir='ltr'><strong><em>τοῦτο</em></strong></span> <span class='ocrx_word' id='word_1_70' title='bbox 1509 1061 1550 1100; x_wconf 89' lang='grc' dir='ltr'>τὸ</span> <span class='ocrx_word' id='word_1_71' title='bbox 1584 1060 1700 1113; x_wconf 86' lang='grc' dir='ltr'><strong><em>μέρος</em></strong></span> <span class='ocrx_word' id='word_1_72' title='bbox 1733 1059 1980 1099; x_wconf 83' lang='grc' dir='ltr'><strong><em>ἀσκέπαστον</em></strong></span> 
     </span>
     <span class='ocr_line' id='line_1_11' title="bbox 355 1135 1980 1190; baseline -0.003 -12"><span class='ocrx_word' id='word_1_73' title='bbox 355 1139 467 1178; x_wconf 81' lang='grc' dir='ltr'><em>ἐᾶσαι</em></span> <span class='ocrx_word' id='word_1_74' title='bbox 509 1138 575 1178; x_wconf 86' lang='grc' dir='ltr'>διὰ</span> <span class='ocrx_word' id='word_1_75' title='bbox 616 1138 683 1177; x_wconf 86' lang='grc' dir='ltr'>τὸν</span> <span class='ocrx_word' id='word_1_76' title='bbox 718 1138 898 1190; x_wconf 79' lang='grc' dir='ltr'><strong><em>γωρυτὸν</em></strong></span> <span class='ocrx_word' id='word_1_77' title='bbox 940 1135 986 1176; x_wconf 81' lang='grc' dir='ltr'>ὃν</span> <span class='ocrx_word' id='word_1_78' title='bbox 1032 1136 1260 1189; x_wconf 85' lang='grc' dir='ltr'><strong><em>περιέκειτο·</em></strong></span> <span class='ocrx_word' id='word_1_79' title='bbox 1302 1137 1400 1188; x_wconf 79' lang='grc' dir='ltr'><em>φησὶ</em></span> <span class='ocrx_word' id='word_1_80' title='bbox 1434 1136 1476 1176; x_wconf 83' lang='grc' dir='ltr'>δὲ</span> <span class='ocrx_word' id='word_1_81' title='bbox 1508 1136 1595 1188; x_wconf 80' lang='grc' dir='ltr'><strong><em>περὶ</em></strong></span> <span class='ocrx_word' id='word_1_82' title='bbox 1628 1136 1752 1175; x_wconf 79' lang='grc' dir='ltr'><strong><em>αὐτοῦ</em></strong></span> <span class='ocrx_word' id='word_1_83' title='bbox 1785 1135 1980 1185; x_wconf 81' lang='grc' dir='ltr'><em>Αἰσχύλος</em></span> 
     </span>
     <span class='ocr_line' id='line_1_12' title="bbox 354 1211 1984 1265; baseline -0.003 -12"><span class='ocrx_word' id='word_1_84' title='bbox 354 1215 412 1254; x_wconf 79' lang='grc' dir='ltr'>ὅτι</span> <span class='ocrx_word' id='word_1_85' title='bbox 452 1214 518 1253; x_wconf 84' lang='grc' dir='ltr'>καὶ</span> <span class='ocrx_word' id='word_1_86' title='bbox 551 1214 593 1253; x_wconf 89' lang='grc' dir='ltr'>τὸ</span> <span class='ocrx_word' id='word_1_87' title='bbox 626 1214 740 1263; x_wconf 81' lang='grc' dir='ltr'><em>ξίφος</em></span> <span class='ocrx_word' id='word_1_88' title='bbox 773 1213 987 1264; x_wconf 80' lang='grc' dir='ltr'><em>ἐκάμπτετο</em></span> <span class='ocrx_word' id='word_1_89' title='bbox 1021 1212 1180 1264; x_wconf 79' lang='grc' dir='ltr'><strong><em>οὐδαμῆ</em></strong></span> <span class='ocrx_word' id='word_1_90' title='bbox 1213 1212 1441 1259; x_wconf 76' lang='grc' dir='ltr'><strong><em>ἐνδιδόντος</em></strong></span> <span class='ocrx_word' id='word_1_91' title='bbox 1473 1218 1542 1251; x_wconf 87' lang='grc' dir='ltr'>τοῦ</span> <span class='ocrx_word' id='word_1_92' title='bbox 1574 1211 1718 1264; x_wconf 82' lang='grc' dir='ltr'><strong><em>χρωτὸς</em></strong></span> <span class='ocrx_word' id='word_1_93' title='bbox 1750 1217 1796 1265; x_wconf 76' lang='grc' dir='ltr'>τῇ</span> <span class='ocrx_word' id='word_1_94' title='bbox 1828 1216 1984 1264; x_wconf 76' lang='grc' dir='ltr'><em>σφαγῇ,</em></span> 
     </span>
     <span class='ocr_line' id='line_1_13' title="bbox 352 1285 1977 1339; baseline -0.003 -11"><span class='ocrx_word' id='word_1_95' title='bbox 352 1290 466 1337; x_wconf 79' lang='grc' dir='ltr'><strong><em>τόξον</em></strong></span> <span class='ocrx_word' id='word_1_96' title='bbox 506 1290 557 1336; x_wconf 83' lang='grc' dir='ltr'>ὥς</span> <span class='ocrx_word' id='word_1_97' title='bbox 600 1305 656 1336; x_wconf 84' lang='grc' dir='ltr'>τις</span> <span class='ocrx_word' id='word_1_98' title='bbox 700 1288 884 1327; x_wconf 81' lang='grc' dir='ltr'><strong><em>ἐντείνων</em></strong></span> <span class='ocrx_word' id='word_1_99' title='bbox 927 1288 1022 1339; x_wconf 81' lang='grc' dir='ltr'><strong><em>πρὶν</em></strong></span> <span class='ocrx_word' id='word_1_100' title='bbox 1065 1289 1114 1338; x_wconf 82' lang='grc' dir='ltr'>δή</span> <span class='ocrx_word' id='word_1_101' title='bbox 1157 1304 1232 1339; x_wconf 76' lang='grc' dir='ltr'>τις,</span> <span class='ocrx_word' id='word_1_102' title='bbox 1273 1289 1392 1338; x_wconf 80' lang='grc' dir='ltr'><em>φησί,</em></span> <span class='ocrx_word' id='word_1_103' title='bbox 1430 1294 1615 1339; x_wconf 83' lang='grc' dir='ltr'><strong><em>παροῦσα</em></strong></span> <span class='ocrx_word' id='word_1_104' title='bbox 1649 1287 1801 1337; x_wconf 89' lang='grc' dir='ltr'><strong><em>δαίμων</em></strong></span> <span class='ocrx_word' id='word_1_105' title='bbox 1832 1285 1977 1332; x_wconf 77' lang='grc' dir='ltr'>ἔδειξεν</span> 
     </span>
     <span class='ocr_line' id='line_1_14' title="bbox 353 1360 1978 1419; baseline -0.003 -15"><span class='ocrx_word' id='word_1_106' title='bbox 353 1365 460 1419; x_wconf 83' lang='grc' dir='ltr'><strong><em>αὐτῷ</em></strong></span> <span class='ocrx_word' id='word_1_107' title='bbox 509 1364 608 1403; x_wconf 83' lang='grc' dir='ltr'><strong><em>κατὰ</em></strong></span> <span class='ocrx_word' id='word_1_108' title='bbox 654 1368 773 1403; x_wconf 84' lang='grc' dir='ltr'><strong><em>ποῖον</em></strong></span> <span class='ocrx_word' id='word_1_109' title='bbox 821 1363 938 1415; x_wconf 84' lang='grc' dir='ltr'><strong><em>μέρος</em></strong></span> <span class='ocrx_word' id='word_1_110' title='bbox 987 1364 1051 1403; x_wconf 83' lang='grc' dir='ltr'>δεῖ</span> <span class='ocrx_word' id='word_1_111' title='bbox 1086 1364 1314 1415; x_wconf 81' lang='grc' dir='ltr'><strong><em>χρήσασθαι</em></strong></span> <span class='ocrx_word' id='word_1_112' title='bbox 1356 1370 1401 1418; x_wconf 75' lang='grc' dir='ltr'>τῇ</span> <span class='ocrx_word' id='word_1_113' title='bbox 1441 1370 1588 1418; x_wconf 77' lang='grc' dir='ltr'><em>σφαγῇ·</em></span> <span class='ocrx_word' id='word_1_114' title='bbox 1631 1361 1650 1401; x_wconf 84' lang='grc' dir='ltr'><em>ὅ</em></span> <span class='ocrx_word' id='word_1_115' title='bbox 1688 1360 1730 1401; x_wconf 83' lang='grc' dir='ltr'>δὲ</span> <span class='ocrx_word' id='word_1_116' title='bbox 1762 1363 1978 1411; x_wconf 80' lang='grc' dir='ltr'>Σοφοκλῆς</span> 
     </span>
     <span class='ocr_line' id='line_1_15' title="bbox 353 1436 1980 1493; baseline -0.002 -15"><span class='ocrx_word' id='word_1_117' title='bbox 353 1439 560 1491; x_wconf 81' lang='grc' dir='ltr'><em>ἔριθεῠσαι</em></span> <span class='ocrx_word' id='word_1_118' title='bbox 603 1438 674 1489; x_wconf 89' lang='grc' dir='ltr'>μέν</span> <span class='ocrx_word' id='word_1_119' title='bbox 718 1455 752 1477; x_wconf 90' lang='grc' dir='ltr'>τι</span> <span class='ocrx_word' id='word_1_120' title='bbox 795 1437 846 1485; x_wconf 84' lang='grc' dir='ltr'>ὡς</span> <span class='ocrx_word' id='word_1_121' title='bbox 890 1437 1144 1493; x_wconf 80' lang='grc' dir='ltr'><strong><em>πρεσβυτέρῳ</em></strong></span> <span class='ocrx_word' id='word_1_122' title='bbox 1186 1437 1240 1488; x_wconf 86' lang='grc' dir='ltr'>μὴ</span> <span class='ocrx_word' id='word_1_123' title='bbox 1282 1437 1519 1489; x_wconf 82' lang='grc' dir='ltr'><strong><em>βουληθεὶς,</em></strong></span> <span class='ocrx_word' id='word_1_124' title='bbox 1551 1437 1597 1477; x_wconf 82' lang='grc' dir='ltr'>οὐ</span> <span class='ocrx_word' id='word_1_125' title='bbox 1631 1436 1710 1488; x_wconf 80' lang='grc' dir='ltr'>μὴν</span> <span class='ocrx_word' id='word_1_126' title='bbox 1741 1439 1980 1488; x_wconf 83' lang='grc' dir='ltr'>παραλιπεῖν</span> 
     </span>
     <span class='ocr_line' id='line_1_16' title="bbox 351 1515 1015 1565; baseline -0.003 -11"><span class='ocrx_word' id='word_1_127' title='bbox 351 1515 448 1554; x_wconf 84' lang='grc' dir='ltr'><strong><em>αὐτὸ</em></strong></span> <span class='ocrx_word' id='word_1_128' title='bbox 482 1515 704 1565; x_wconf 81' lang='grc' dir='ltr'><strong><em>δοκιμάζων</em></strong></span> <span class='ocrx_word' id='word_1_129' title='bbox 736 1518 862 1563; x_wconf 81' lang='grc' dir='ltr'><em>ψιλῶς</em></span> <span class='ocrx_word' id='word_1_130' title='bbox 895 1525 1015 1564; x_wconf 80' lang='grc' dir='ltr'><em>φησι;</em></span> 
     </span>
    </p>

    <p class='ocr_par' dir='ltr' id='par_1_5' title="bbox 736 1587 1579 1643">
     <span class='ocr_line' id='line_1_17' title="bbox 736 1587 1579 1643; baseline -0.001 -16"><span class='ocrx_word' id='word_1_131' title='bbox 736 1587 913 1639; x_wconf 82' lang='grc' dir='ltr'><strong><em>πλευρὰν</em></strong></span> <span class='ocrx_word' id='word_1_132' title='bbox 946 1587 1225 1639; x_wconf 79' lang='grc' dir='ltr'>ἀναρρήξαντα</span> <span class='ocrx_word' id='word_1_133' title='bbox 1257 1589 1355 1642; x_wconf 82' lang='grc' dir='ltr'><strong><em>τῷδε</em></strong></span> <span class='ocrx_word' id='word_1_134' title='bbox 1388 1588 1579 1643; x_wconf 81' lang='grc' dir='ltr'><em>φασχάνῳ</em></span> 
     </span>
    </p>

    <p class='ocr_par' dir='ltr' id='par_1_6' title="bbox 351 1663 1803 1715">
     <span class='ocr_line' id='line_1_18' title="bbox 351 1663 1803 1715; baseline -0.002 -11"><span class='ocrx_word' id='word_1_135' title='bbox 351 1665 450 1704; x_wconf 83' lang='grc' dir='ltr'><strong><em>κατὰ</em></strong></span> <span class='ocrx_word' id='word_1_136' title='bbox 483 1666 520 1703; x_wconf 85' lang='grc' dir='ltr'>τί</span> <span class='ocrx_word' id='word_1_137' title='bbox 549 1664 620 1715; x_wconf 81' lang='grc' dir='ltr'>τὴν</span> <span class='ocrx_word' id='word_1_138' title='bbox 654 1664 830 1714; x_wconf 76' lang='grc' dir='ltr'><strong><em>πλευρὰν</em></strong></span> <span class='ocrx_word' id='word_1_139' title='bbox 865 1663 917 1713; x_wconf 84' lang='grc' dir='ltr'>μὴ</span> <span class='ocrx_word' id='word_1_140' title='bbox 951 1664 1103 1702; x_wconf 78' lang='grc' dir='ltr'><strong><em>εἰπών”</em></strong></span> <span class='ocrx_word' id='word_1_141' title='bbox 1137 1665 1205 1709; x_wconf 83' lang='lat' dir='ltr'>(cs.</span> <span class='ocrx_word' id='word_1_142' title='bbox 1239 1665 1290 1703; x_wconf 80' lang='lat' dir='ltr'>fr.</span> <span class='ocrx_word' id='word_1_143' title='bbox 1326 1665 1380 1702; x_wconf 84' lang='lat'>83</span> <span class='ocrx_word' id='word_1_144' title='bbox 1414 1664 1572 1702; x_wconf 87' lang='lat' dir='ltr'>Aesch.</span> <span class='ocrx_word' id='word_1_145' title='bbox 1606 1663 1803 1708; x_wconf 80' lang='lat' dir='ltr'>Weckl.).</span> 
     </span>
    </p>

    <p class='ocr_par' dir='ltr' id='par_1_7' title="bbox 348 1739 1985 3066">
     <span class='ocr_line' id='line_1_19' title="bbox 413 1739 1980 1789; baseline -0.001 -10"><span class='ocrx_word' id='word_1_146' title='bbox 413 1741 658 1779; x_wconf 77' lang='lat' dir='ltr'>Scholiasta</span> <span class='ocrx_word' id='word_1_147' title='bbox 689 1741 820 1789; x_wconf 85' lang='lat' dir='ltr'>igitur</span> <span class='ocrx_word' id='word_1_148' title='bbox 854 1763 904 1766; x_wconf 90' lang='lat'>—-</span> <span class='ocrx_word' id='word_1_149' title='bbox 941 1741 1077 1779; x_wconf 90' lang='lat' dir='ltr'>habes</span> <span class='ocrx_word' id='word_1_150' title='bbox 1111 1741 1179 1779; x_wconf 89' lang='lat' dir='ltr'>hic</span> <span class='ocrx_word' id='word_1_151' title='bbox 1204 1742 1253 1778; x_wconf 86' lang='lat' dir='ltr'>ut</span> <span class='ocrx_word' id='word_1_152' title='bbox 1279 1741 1322 1778; x_wconf 89' lang='lat' dir='ltr'>in</span> <span class='ocrx_word' id='word_1_153' title='bbox 1350 1740 1530 1778; x_wconf 91' lang='lat' dir='ltr'>scholiis</span> <span class='ocrx_word' id='word_1_154' title='bbox 1557 1739 1796 1777; x_wconf 82' lang='lat' dir='ltr'>Pindaricis</span> <span class='ocrx_word' id='word_1_155' title='bbox 1815 1739 1980 1787; x_wconf 87' lang='lat' dir='ltr'>sapien-</span> 
     </span>
     <span class='ocr_line' id='line_1_20' title="bbox 351 1812 1977 1867; baseline -0.002 -13"><span class='ocrx_word' id='word_1_156' title='bbox 351 1817 460 1855; x_wconf 90' lang='lat' dir='ltr'>tiam</span> <span class='ocrx_word' id='word_1_157' title='bbox 495 1816 669 1864; x_wconf 85' lang='lat' dir='ltr'>Didymi</span> <span class='ocrx_word' id='word_1_158' title='bbox 702 1838 776 1864; x_wconf 87' lang='lat'>—,</span> <span class='ocrx_word' id='word_1_159' title='bbox 813 1816 881 1853; x_wconf 91' lang='lat' dir='ltr'>cui</span> <span class='ocrx_word' id='word_1_160' title='bbox 912 1815 1059 1853; x_wconf 86' lang='lat' dir='ltr'>fabula</span> <span class='ocrx_word' id='word_1_161' title='bbox 1092 1816 1143 1853; x_wconf 91' lang='lat' dir='ltr'>de</span> <span class='ocrx_word' id='word_1_162' title='bbox 1175 1815 1323 1853; x_wconf 81' lang='lat' dir='ltr'>Aiacis</span> <span class='ocrx_word' id='word_1_163' title='bbox 1353 1812 1523 1867; x_wconf 70' lang='grc' dir='ltr'><strong><em>ἀτρωσίᾳ</em></strong></span> <span class='ocrx_word' id='word_1_164' title='bbox 1552 1816 1657 1852; x_wconf 89' lang='lat' dir='ltr'>nota</span> <span class='ocrx_word' id='word_1_165' title='bbox 1686 1815 1799 1862; x_wconf 82' lang='lat' dir='ltr'>erat,</span> <span class='ocrx_word' id='word_1_166' title='bbox 1827 1813 1977 1852; x_wconf 90' lang='lat' dir='ltr'>sedulo</span> 
     </span>
     <span class='ocr_line' id='line_1_21' title="bbox 351 1889 1978 1939; baseline -0.002 -10"><span class='ocrx_word' id='word_1_167' title='bbox 351 1892 589 1939; x_wconf 85' lang='lat' dir='ltr'>quaesivit,</span> <span class='ocrx_word' id='word_1_168' title='bbox 617 1901 724 1929; x_wconf 90' lang='lat' dir='ltr'>num</span> <span class='ocrx_word' id='word_1_169' title='bbox 752 1891 863 1939; x_wconf 87' lang='lat' dir='ltr'>apud</span> <span class='ocrx_word' id='word_1_170' title='bbox 893 1890 1150 1938; x_wconf 85' lang='lat' dir='ltr'>Sophoclem</span> <span class='ocrx_word' id='word_1_171' title='bbox 1181 1900 1349 1937; x_wconf 88' lang='lat' dir='ltr'>quoque</span> <span class='ocrx_word' id='word_1_172' title='bbox 1366 1890 1617 1928; x_wconf 89' lang='lat' dir='ltr'>huiusmodi</span> <span class='ocrx_word' id='word_1_173' title='bbox 1635 1889 1797 1936; x_wconf 91' lang='lat' dir='ltr'>aliquid</span> <span class='ocrx_word' id='word_1_174' title='bbox 1812 1889 1978 1928; x_wconf 90' lang='lat' dir='ltr'>inveni-</span> 
     </span>
     <span class='ocr_line' id='line_1_22' title="bbox 352 1964 1982 2015; baseline -0.002 -10"><span class='ocrx_word' id='word_1_175' title='bbox 352 1969 485 2005; x_wconf 85' lang='lat' dir='ltr'>retur.</span> <span class='ocrx_word' id='word_1_176' title='bbox 529 1967 611 2015; x_wconf 89' lang='lat' dir='ltr'>Spe</span> <span class='ocrx_word' id='word_1_177' title='bbox 656 1976 759 2005; x_wconf 89' lang='lat' dir='ltr'>vero</span> <span class='ocrx_word' id='word_1_178' title='bbox 799 1966 1006 2014; x_wconf 89' lang='lat' dir='ltr'>deceptus</span> <span class='ocrx_word' id='word_1_179' title='bbox 1042 1988 1095 1994; x_wconf 88' lang='lat'>—-</span> <span class='ocrx_word' id='word_1_180' title='bbox 1129 1976 1231 2004; x_wconf 86' lang='lat' dir='ltr'>nam</span> <span class='ocrx_word' id='word_1_181' title='bbox 1266 1966 1380 2004; x_wconf 82' lang='lat' dir='ltr'>Aiax</span> <span class='ocrx_word' id='word_1_182' title='bbox 1414 1964 1679 2014; x_wconf 89' lang='lat' dir='ltr'>Sophocleus</span> <span class='ocrx_word' id='word_1_183' title='bbox 1712 1964 1848 2003; x_wconf 86' lang='lat' dir='ltr'>latere</span> <span class='ocrx_word' id='word_1_184' title='bbox 1881 1965 1982 2003; x_wconf 90' lang='lat' dir='ltr'>hau-</span> 
     </span>
     <span class='ocr_line' id='line_1_23' title="bbox 352 2039 1979 2089; baseline -0.001 -9"><span class='ocrx_word' id='word_1_185' title='bbox 352 2042 499 2080; x_wconf 89' lang='lat' dir='ltr'>riendo</span> <span class='ocrx_word' id='word_1_186' title='bbox 548 2043 736 2080; x_wconf 86' lang='lat' dir='ltr'>mortem</span> <span class='ocrx_word' id='word_1_187' title='bbox 785 2041 868 2079; x_wconf 89' lang='lat' dir='ltr'>sibi</span> <span class='ocrx_word' id='word_1_188' title='bbox 915 2041 1148 2089; x_wconf 88' lang='lat' dir='ltr'>conscivit,</span> <span class='ocrx_word' id='word_1_189' title='bbox 1198 2041 1312 2079; x_wconf 89' lang='lat' dir='ltr'>sicut</span> <span class='ocrx_word' id='word_1_190' title='bbox 1353 2040 1498 2087; x_wconf 88' lang='lat' dir='ltr'>quivis</span> <span class='ocrx_word' id='word_1_191' title='bbox 1538 2039 1793 2078; x_wconf 82' lang='lat' dir='ltr'>mortalium</span> <span class='ocrx_word' id='word_1_192' title='bbox 1835 2039 1979 2078; x_wconf 87' lang='lat' dir='ltr'>facere</span> 
     </span>
     <span class='ocr_line' id='line_1_24' title="bbox 351 2114 1981 2165; baseline -0.003 -9"><span class='ocrx_word' id='word_1_193' title='bbox 351 2119 497 2165; x_wconf 89' lang='lat' dir='ltr'>potest</span> <span class='ocrx_word' id='word_1_194' title='bbox 547 2140 596 2144; x_wconf 93' lang='lat'>——</span> <span class='ocrx_word' id='word_1_195' title='bbox 649 2117 882 2165; x_wconf 89' lang='lat' dir='ltr'>Aeschylei</span> <span class='ocrx_word' id='word_1_196' title='bbox 931 2117 1076 2155; x_wconf 89' lang='lat' dir='ltr'>herois</span> <span class='ocrx_word' id='word_1_197' title='bbox 1119 2117 1227 2155; x_wconf 90' lang='lat' dir='ltr'>bene</span> <span class='ocrx_word' id='word_1_198' title='bbox 1268 2126 1451 2164; x_wconf 89' lang='lat' dir='ltr'>memor,</span> <span class='ocrx_word' id='word_1_199' title='bbox 1495 2116 1567 2163; x_wconf 90' lang='lat' dir='ltr'>qui</span> <span class='ocrx_word' id='word_1_200' title='bbox 1599 2125 1686 2154; x_wconf 89' lang='lat' dir='ltr'>non</span> <span class='ocrx_word' id='word_1_201' title='bbox 1717 2114 1802 2152; x_wconf 90' lang='lat' dir='ltr'>nisi</span> <span class='ocrx_word' id='word_1_202' title='bbox 1834 2114 1981 2152; x_wconf 88' lang='lat' dir='ltr'>divina</span> 
     </span>
     <span class='ocr_line' id='line_1_25' title="bbox 352 2189 1981 2240; baseline -0.003 -9"><span class='ocrx_word' id='word_1_203' title='bbox 352 2202 481 2240; x_wconf 91' lang='lat' dir='ltr'>opera</span> <span class='ocrx_word' id='word_1_204' title='bbox 537 2193 712 2231; x_wconf 87' lang='lat' dir='ltr'>adiutus</span> <span class='ocrx_word' id='word_1_205' title='bbox 768 2192 912 2230; x_wconf 91' lang='lat' dir='ltr'>locum</span> <span class='ocrx_word' id='word_1_206' title='bbox 971 2193 1163 2240; x_wconf 85' lang='lat' dir='ltr'>corporis</span> <span class='ocrx_word' id='word_1_207' title='bbox 1210 2192 1464 2230; x_wconf 87' lang='lat' dir='ltr'>vulneribus</span> <span class='ocrx_word' id='word_1_208' title='bbox 1511 2192 1737 2239; x_wconf 82' lang='lat' dir='ltr'>patentem</span> <span class='ocrx_word' id='word_1_209' title='bbox 1785 2189 1981 2227; x_wconf 89' lang='lat' dir='ltr'>invenire</span> 
     </span>
     <span class='ocr_line' id='line_1_26' title="bbox 351 2264 1985 2316; baseline -0.002 -11"><span class='ocrx_word' id='word_1_210' title='bbox 351 2268 587 2316; x_wconf 86' lang='lat' dir='ltr'>potuisset,</span> <span class='ocrx_word' id='word_1_211' title='bbox 634 2268 859 2316; x_wconf 83' lang='lat' dir='ltr'>Sophoclis</span> <span class='ocrx_word' id='word_1_212' title='bbox 902 2268 1127 2306; x_wconf 85' lang='lat' dir='ltr'>silentium</span> <span class='ocrx_word' id='word_1_213' title='bbox 1163 2277 1237 2315; x_wconf 89' lang='lat' dir='ltr'>pro</span> <span class='ocrx_word' id='word_1_214' title='bbox 1271 2266 1502 2305; x_wconf 77' lang='lat' dir='ltr'>reticentia</span> <span class='ocrx_word' id='word_1_215' title='bbox 1533 2265 1699 2304; x_wconf 89' lang='lat' dir='ltr'>habens</span> <span class='ocrx_word' id='word_1_216' title='bbox 1732 2264 1985 2312; x_wconf 86' lang='lat' dir='ltr'>suspicatus</span> 
     </span>
     <span class='ocr_line' id='line_1_27' title="bbox 352 2339 1978 2391; baseline -0.004 -9"><span class='ocrx_word' id='word_1_217' title='bbox 352 2345 419 2382; x_wconf 88' lang='lat' dir='ltr'>est</span> <span class='ocrx_word' id='word_1_218' title='bbox 461 2344 574 2382; x_wconf 90' lang='lat' dir='ltr'>hunc</span> <span class='ocrx_word' id='word_1_219' title='bbox 607 2345 782 2391; x_wconf 88' lang='lat' dir='ltr'>poetam</span> <span class='ocrx_word' id='word_1_220' title='bbox 820 2343 1085 2382; x_wconf 84' lang='lat' dir='ltr'>verecundia</span> <span class='ocrx_word' id='word_1_221' title='bbox 1122 2345 1291 2381; x_wconf 84' lang='lat' dir='ltr'>motum</span> <span class='ocrx_word' id='word_1_222' title='bbox 1329 2343 1462 2381; x_wconf 79' lang='lat' dir='ltr'>tacite</span> <span class='ocrx_word' id='word_1_223' title='bbox 1495 2341 1701 2389; x_wconf 86' lang='lat' dir='ltr'>Aeschyli</span> <span class='ocrx_word' id='word_1_224' title='bbox 1731 2339 1978 2388; x_wconf 89' lang='lat' dir='ltr'>opinionem</span> 
     </span>
     <span class='ocr_line' id='line_1_28' title="bbox 352 2414 1982 2462; baseline -0.003 -5"><span class='ocrx_word' id='word_1_225' title='bbox 352 2419 608 2457; x_wconf 81' lang='lat' dir='ltr'>correxisse.</span> <span class='ocrx_word' id='word_1_226' title='bbox 649 2419 730 2457; x_wconf 89' lang='lat' dir='ltr'>Sed</span> <span class='ocrx_word' id='word_1_227' title='bbox 764 2419 914 2458; x_wconf 90' lang='lat' dir='ltr'>missis</span> <span class='ocrx_word' id='word_1_228' title='bbox 946 2419 1066 2457; x_wconf 90' lang='lat' dir='ltr'>hisce</span> <span class='ocrx_word' id='word_1_229' title='bbox 1097 2418 1440 2457; x_wconf 85' lang='lat' dir='ltr'>scholiastarum</span> <span class='ocrx_word' id='word_1_230' title='bbox 1473 2415 1837 2455; x_wconf 79' lang='lat' dir='ltr'>hariolationibus</span> <span class='ocrx_word' id='word_1_231' title='bbox 1868 2414 1982 2462; x_wconf 86' lang='lat' dir='ltr'>grati</span> 
     </span>
     <span class='ocr_line' id='line_1_29' title="bbox 350 2490 1979 2541; baseline -0.003 -9"><span class='ocrx_word' id='word_1_232' title='bbox 350 2494 590 2541; x_wconf 84' lang='lat' dir='ltr'>accipimus</span> <span class='ocrx_word' id='word_1_233' title='bbox 647 2494 854 2541; x_wconf 85' lang='lat' dir='ltr'>Aeschyli</span> <span class='ocrx_word' id='word_1_234' title='bbox 910 2494 1211 2541; x_wconf 85' lang='lat' dir='ltr'>fragmentum</span> <span class='ocrx_word' id='word_1_235' title='bbox 1271 2493 1444 2531; x_wconf 87' lang='lat' dir='ltr'>aliunde</span> <span class='ocrx_word' id='word_1_236' title='bbox 1501 2492 1717 2539; x_wconf 84' lang='lat' dir='ltr'>ignotum.</span> <span class='ocrx_word' id='word_1_237' title='bbox 1769 2490 1979 2528; x_wconf 89' lang='lat' dir='ltr'>Videmus</span> 
     </span>
     <span class='ocr_line' id='line_1_30' title="bbox 348 2564 1979 2616; baseline -0.002 -10"><span class='ocrx_word' id='word_1_238' title='bbox 348 2568 465 2607; x_wconf 89' lang='lat' dir='ltr'>enim</span> <span class='ocrx_word' id='word_1_239' title='bbox 504 2570 677 2616; x_wconf 83' lang='lat' dir='ltr'>poetam</span> <span class='ocrx_word' id='word_1_240' title='bbox 709 2569 842 2606; x_wconf 90' lang='lat' dir='ltr'>talem</span> <span class='ocrx_word' id='word_1_241' title='bbox 877 2571 1080 2607; x_wconf 88' lang='lat' dir='ltr'>secutum</span> <span class='ocrx_word' id='word_1_242' title='bbox 1114 2578 1210 2607; x_wconf 88' lang='lat' dir='ltr'>esse</span> <span class='ocrx_word' id='word_1_243' title='bbox 1242 2568 1385 2615; x_wconf 75' lang='lat' dir='ltr'>mythi</span> <span class='ocrx_word' id='word_1_244' title='bbox 1417 2567 1624 2614; x_wconf 86' lang='lat' dir='ltr'>formam,</span> <span class='ocrx_word' id='word_1_245' title='bbox 1660 2565 1832 2613; x_wconf 85' lang='lat' dir='ltr'>qualem</span> <span class='ocrx_word' id='word_1_246' title='bbox 1867 2564 1979 2612; x_wconf 90' lang='lat' dir='ltr'>apud</span> 
     </span>
     <span class='ocr_line' id='line_1_31' title="bbox 349 2640 1978 2692; baseline -0.002 -10"><span class='ocrx_word' id='word_1_247' title='bbox 349 2643 666 2682; x_wconf 82' lang='lat' dir='ltr'>Philostratum</span> <span class='ocrx_word' id='word_1_248' title='bbox 700 2644 1012 2692; x_wconf 85' lang='lat' dir='ltr'>indicavimus,</span> <span class='ocrx_word' id='word_1_249' title='bbox 1044 2644 1119 2682; x_wconf 88' lang='lat' dir='ltr'>sed</span> <span class='ocrx_word' id='word_1_250' title='bbox 1148 2644 1270 2682; x_wconf 92' lang='lat' dir='ltr'>cuius</span> <span class='ocrx_word' id='word_1_251' title='bbox 1295 2643 1459 2681; x_wconf 84' lang='lat' dir='ltr'>fontem</span> <span class='ocrx_word' id='word_1_252' title='bbox 1490 2641 1749 2688; x_wconf 86' lang='lat' dir='ltr'>Panyassim</span> <span class='ocrx_word' id='word_1_253' title='bbox 1778 2641 1821 2678; x_wconf 92' lang='lat' dir='ltr'>in</span> <span class='ocrx_word' id='word_1_254' title='bbox 1848 2640 1978 2678; x_wconf 89' lang='lat' dir='ltr'>Hera·</span> 
     </span>
     <span class='ocr_line' id='line_1_32' title="bbox 350 2715 1977 2766; baseline -0.002 -9"><span class='ocrx_word' id='word_1_255' title='bbox 350 2718 443 2757; x_wconf 88' lang='lat' dir='ltr'>clea</span> <span class='ocrx_word' id='word_1_256' title='bbox 474 2718 609 2756; x_wconf 85' lang='lat' dir='ltr'>fuisse</span> <span class='ocrx_word' id='word_1_257' title='bbox 642 2728 726 2756; x_wconf 90' lang='lat' dir='ltr'>non</span> <span class='ocrx_word' id='word_1_258' title='bbox 760 2718 837 2756; x_wconf 86' lang='lat' dir='ltr'>abs</span> <span class='ocrx_word' id='word_1_259' title='bbox 869 2719 989 2756; x_wconf 88' lang='lat' dir='ltr'>omni</span> <span class='ocrx_word' id='word_1_260' title='bbox 1020 2718 1328 2766; x_wconf 85' lang='lat' dir='ltr'>probabilitate</span> <span class='ocrx_word' id='word_1_261' title='bbox 1361 2716 1642 2755; x_wconf 89' lang='lat' dir='ltr'>coniecimus.</span> <span class='ocrx_word' id='word_1_262' title='bbox 1671 2715 1788 2763; x_wconf 82' lang='lat' dir='ltr'>Quae</span> <span class='ocrx_word' id='word_1_263' title='bbox 1817 2715 1977 2754; x_wconf 91' lang='lat' dir='ltr'>coniec-</span> 
     </span>
     <span class='ocr_line' id='line_1_33' title="bbox 349 2789 1979 2842; baseline -0.003 -10"><span class='ocrx_word' id='word_1_264' title='bbox 349 2795 449 2832; x_wconf 84' lang='lat' dir='ltr'>tura</span> <span class='ocrx_word' id='word_1_265' title='bbox 481 2794 693 2841; x_wconf 87' lang='lat' dir='ltr'>temporis</span> <span class='ocrx_word' id='word_1_266' title='bbox 725 2794 891 2833; x_wconf 88' lang='lat' dir='ltr'>ratione</span> <span class='ocrx_word' id='word_1_267' title='bbox 925 2794 1242 2842; x_wconf 82' lang='lat' dir='ltr'>corroboratur,</span> <span class='ocrx_word' id='word_1_268' title='bbox 1274 2793 1478 2840; x_wconf 85' lang='lat' dir='ltr'>quoniam</span> <span class='ocrx_word' id='word_1_269' title='bbox 1508 2791 1746 2839; x_wconf 88' lang='lat' dir='ltr'>Panyassis</span> <span class='ocrx_word' id='word_1_270' title='bbox 1772 2789 1979 2837; x_wconf 85' lang='lat' dir='ltr'>Aeschyli</span> 
     </span>
     <span class='ocr_line' id='line_1_34' title="bbox 349 2865 1975 2917; baseline -0.002 -11"><span class='ocrx_word' id='word_1_271' title='bbox 349 2868 432 2907; x_wconf 85' lang='lat' dir='ltr'>fuit</span> <span class='ocrx_word' id='word_1_272' title='bbox 464 2868 669 2915; x_wconf 76' lang='lat' dir='ltr'>aequalis,</span> <span class='ocrx_word' id='word_1_273' title='bbox 704 2868 828 2906; x_wconf 93' lang='lat' dir='ltr'>Unde</span> <span class='ocrx_word' id='word_1_274' title='bbox 856 2869 1044 2916; x_wconf 85' lang='lat' dir='ltr'>petitum</span> <span class='ocrx_word' id='word_1_275' title='bbox 1071 2870 1130 2907; x_wconf 87' lang='lat' dir='ltr'>sit</span> <span class='ocrx_word' id='word_1_276' title='bbox 1157 2869 1475 2917; x_wconf 87' lang='lat' dir='ltr'>fragmentum,</span> <span class='ocrx_word' id='word_1_277' title='bbox 1506 2876 1661 2914; x_wconf 88' lang='lat' dir='ltr'>nempe</span> <span class='ocrx_word' id='word_1_278' title='bbox 1690 2877 1711 2904; x_wconf 94' lang='lat' dir='ltr'>e</span> <span class='ocrx_word' id='word_1_279' title='bbox 1738 2865 1975 2913; x_wconf 86' lang='lat' dir='ltr'>Threissis,</span> 
     </span>
     <span class='ocr_line' id='line_1_35' title="bbox 350 2939 1976 2991; baseline -0.002 -10"><span class='ocrx_word' id='word_1_280' title='bbox 350 2944 473 2991; x_wconf 83' lang='lat' dir='ltr'>patet</span> <span class='ocrx_word' id='word_1_281' title='bbox 514 2953 536 2981; x_wconf 92' lang='lat' dir='ltr'>e</span> <span class='ocrx_word' id='word_1_282' title='bbox 575 2942 739 2981; x_wconf 89' lang='lat' dir='ltr'>scholio</span> <span class='ocrx_word' id='word_1_283' title='bbox 774 2944 825 2981; x_wconf 86' lang='lat' dir='ltr'>ad</span> <span class='ocrx_word' id='word_1_284' title='bbox 857 2944 1068 2991; x_wconf 90' lang='lat' dir='ltr'>Lycophr.</span> <span class='ocrx_word' id='word_1_285' title='bbox 1102 2944 1228 2983; x_wconf 81' lang='lat' dir='ltr'>Alex.</span> <span class='ocrx_word' id='word_1_286' title='bbox 1263 2954 1325 2982; x_wconf 86' lang='lat' dir='ltr'>vs.</span> <span class='ocrx_word' id='word_1_287' title='bbox 1359 2943 1464 2990; x_wconf 83' lang='lat'>455,</span> <span class='ocrx_word' id='word_1_288' title='bbox 1499 2941 1610 2989; x_wconf 91' lang='lat' dir='ltr'>quod</span> <span class='ocrx_word' id='word_1_289' title='bbox 1643 2951 1749 2979; x_wconf 84' lang='lat' dir='ltr'>mox</span> <span class='ocrx_word' id='word_1_290' title='bbox 1781 2939 1976 2988; x_wconf 91' lang='lat' dir='ltr'>inspicie-</span> 
     </span>
     <span class='ocr_line' id='line_1_36' title="bbox 352 3015 1976 3066; baseline -0.003 -9"><span class='ocrx_word' id='word_1_291' title='bbox 352 3029 465 3058; x_wconf 90' lang='lat' dir='ltr'>mus.</span> <span class='ocrx_word' id='word_1_292' title='bbox 500 3019 747 3057; x_wconf 84' lang='lat' dir='ltr'>Restituere</span> <span class='ocrx_word' id='word_1_293' title='bbox 782 3020 961 3056; x_wconf 88' lang='lat' dir='ltr'>conatus</span> <span class='ocrx_word' id='word_1_294' title='bbox 994 3021 1061 3057; x_wconf 90' lang='lat' dir='ltr'>est</span> <span class='ocrx_word' id='word_1_295' title='bbox 1087 3018 1312 3058; x_wconf 83' lang='lat' dir='ltr'>Wecklein</span> <span class='ocrx_word' id='word_1_296' title='bbox 1341 3019 1405 3063; x_wconf 87' lang='lat' dir='ltr'>(fr.</span> <span class='ocrx_word' id='word_1_297' title='bbox 1434 3018 1523 3066; x_wconf 83' lang='lat'>83),</span> <span class='ocrx_word' id='word_1_298' title='bbox 1543 3016 1615 3064; x_wconf 87' lang='lat' dir='ltr'>qui</span> <span class='ocrx_word' id='word_1_299' title='bbox 1633 3018 1782 3054; x_wconf 89' lang='lat' dir='ltr'>tamen</span> <span class='ocrx_word' id='word_1_300' title='bbox 1801 3015 1976 3054; x_wconf 90' lang='lat' dir='ltr'>illorum</span> 
     </span>
    </p>
   </div>
  </div>
 </body>
</html>
