2141 3487
888 327 942 353 DE
975 327 1120 354 ArAcss.
1753 318 1832 354 133

895 552 1135 606 Epilogus,

251 677 400 715 Iliadis
432 678 686 726 aenigmata
719 678 925 727 Sphingis
958 678 1046 717 illis
1080 678 1354 716 intricatiora
1384 679 1433 716 ut
1459 678 1651 717 solveret
1677 679 1840 717 nostris

191 753 342 791 diebus
381 754 509 792 novis
552 754 674 793 initis
717 755 801 793 viis
839 756 1069 793 strenuam
1112 754 1231 792 dedit
1274 764 1451 803 operam
1496 754 1649 792 Ericus
1681 754 1838 803 Bethe‚

192 828 316 866 cuius
357 828 686 876 disquisitiones
727 830 877 878 sagaci
919 830 1120 869 doctrina
1163 829 1444 868 substructae
1487 829 1676 877 stiloque
1709 830 1840 868 alacri

192 904 397 943 defensae
439 905 491 943 ad
535 905 677 944 nobile
715 907 940 944 certamen
974 905 1208 954 philologis
1241 914 1416 953 semper
1448 905 1706 943 adamatum
1745 915 1838 943 con·

194 981 408 1019 vocarunt
439 980 615 1028 ingenia
647 981 829 1020 aliorum
865 991 1032 1020 necnon
1065 981 1324 1029 effecerunt,
1358 982 1406 1018 ut
1437 990 1509 1018 me
1535 990 1755 1029 rogarem,
1785 990 1839 1018 an

193 1055 382 1094 fortasse
439 1056 783 1105 investigatione
831 1057 882 1096 de
931 1057 1119 1105 singulis
1165 1056 1383 1096 heroibus¹
1419 1057 1462 1094 in
1510 1056 1645 1095 Iliade
1692 1058 1839 1104 partes

195 1131 384 1170 maiores
416 1132 647 1179 agentibus
681 1132 832 1171 habita
859 1133 1225 1180 documentisque
1254 1133 1304 1171 de
1333 1141 1482 1170 eorum
1510 1132 1666 1181 patria,
1699 1131 1837 1180 cultu,

192 1207 371 1255 origine,
412 1207 608 1246 collectis
640 1208 801 1247 melius
834 1209 1020 1257 perspici
1054 1210 1222 1257 posset,
1259 1208 1473 1256 quomodo
1505 1208 1653 1246 variae
1685 1209 1839 1256 gentes

191 1292 267 1331 per
299 1283 498 1322 carmina
530 1293 610 1322 sua
642 1284 874 1332 popularia
906 1285 959 1323 ad
991 1285 1171 1324 heroem
1205 1294 1336 1323 suum
1370 1284 1615 1333 spectantia
1647 1284 1700 1323 ad
1733 1294 1840 1332 opus

194 1359 376 1398 maioris
417 1359 612 1398 ambitus
654 1361 935 1409 pangendum
982 1360 1314 1400 contribuerint.
1360 1361 1446 1409 Sic,
1483 1363 1532 1399 ut
1565 1362 1607 1399 et
1639 1361 1732 1409 ipse
1764 1371 1840 1409 pro

194 1434 360 1474 viribus
387 1436 499 1474 meis
525 1436 844 1485 experientiam
875 1436 1087 1485 facerem,
1117 1437 1281 1484 arripui
1300 1437 1473 1486 Aiaces,
1495 1437 1546 1475 de
1564 1436 1720 1484 quibus
1737 1447 1838 1475 non-

195 1511 316 1550 nulla
341 1513 537 1551 nondum
564 1513 675 1551 satis
703 1513 746 1551 in
774 1512 919 1551 lucem
947 1514 1169 1561 protracta
1197 1512 1352 1551 afferre
1377 1523 1505 1561 posse
1523 1512 1632 1550 mihi
1649 1512 1839 1551 videbar.

253 1587 515 1627 Admonitos
563 1588 696 1626 velim
748 1588 937 1627 lectores
979 1598 1123 1637 meos,
1167 1588 1205 1626 si
1249 1598 1377 1635 quem
1414 1588 1551 1626 alium
1587 1598 1658 1626 me
1694 1588 1838 1636 ipsum

195 1673 280 1702 non
323 1663 457 1702 latere
501 1674 631 1711 quam
665 1664 725 1702 sit
757 1664 879 1702 aleae
912 1664 1093 1712 plenum
1127 1665 1431 1703 huiuscemodi
1466 1673 1700 1711 conamen;
1736 1664 1839 1702 diffi-

193 1739 381 1778 cultates
421 1740 644 1789 spinosas,
688 1740 797 1778 mihi
838 1740 1019 1789 credite,
1063 1740 1262 1788 persensi
1302 1750 1401 1778 cum
1434 1741 1476 1779 in
1510 1739 1717 1788 vepribus
1750 1751 1839 1778 ver-

195 1814 324 1854 sabar
370 1815 692 1863 haerebamque
737 1817 780 1854 in
829 1816 1048 1863 virgultis.
1101 1815 1248 1862 Neque
1291 1815 1434 1853 solum
1478 1815 1704 1854 obstacula
1744 1815 1838 1864 illa,

196 1902 305 1939 quae
337 1902 407 1931 res
438 1892 675 1941 praebebat
707 1893 822 1942 ipsa,
856 1894 982 1931 erant
1014 1893 1277 1941 superanda,
1313 1893 1389 1931 sed
1423 1893 1559 1931 etiam
1593 1891 1838 1930 sententiae

195 1969 297 2006 ante
337 1978 408 2006 me
449 1978 474 2006 a
514 1968 648 2006 variis
691 1968 854 2006 criticis
896 1968 940 2006 in
981 1968 1177 2007 medium
1217 1967 1413 2016 prolatae
1447 1978 1661 2015 quaeque,
1697 1968 1743 2005 ut
1776 1967 1838 2005 ita

196 2043 355 2090 dicam,
399 2054 493 2082 rem
537 2043 947 2092 circumvallabant,
994 2044 1198 2081 accurate
1241 2046 1366 2082 erant
1402 2043 1639 2081 intuendae
1672 2043 1715 2081 et
1747 2052 1836 2090 per-

195 2120 459 2168 pendendae.
489 2119 604 2168 Quas
632 2121 779 2158 autem
808 2129 962 2158 omnes
989 2119 1059 2157 hic
1086 2121 1277 2158 tractare
1308 2119 1377 2157 vel
1400 2119 1578 2157 laudare
1597 2118 1834 2167 supersedi.

197 2195 291 2233 Non
329 2195 439 2242 quod
472 2205 604 2233 suum
638 2195 790 2242 cuique
822 2194 1054 2243 honorem,
1092 2196 1305 2242 quantum
1342 2196 1517 2242 quidem
1551 2194 1836 2242 fieripoterat,

195 2270 386 2308 tribuere
428 2280 514 2308 non
556 2270 742 2308 libenter
785 2270 1033 2308 studuerim
1077 2270 1152 2308 sed
1195 2270 1441 2308 cavendum
1483 2271 1595 2318 erat,
1639 2280 1693 2308 ne
1735 2280 1838 2318 prae

197 2346 478 2385 multitudine
505 2346 710 2384 arborum
744 2345 858 2384 silva
887 2345 1067 2394 lateret,
1101 2346 1346 2384 cavendum
1379 2356 1561 2394 quoque,
1592 2355 1645 2385 ne
1672 2346 1767 2394 ipsa
1794 2355 1839 2383 re

198 2421 399 2460 homines
425 2422 616 2470 potiores
645 2422 800 2460 ducere
829 2422 952 2460 visus
979 2422 1242 2469 Euthydemi
1270 2421 1485 2460 Platonici
1506 2422 1651 2460 verbis
1669 2421 1840 2459 ultimis

198 2507 354 2545 parum
395 2507 492 2535 esse
535 2497 770 2536 obsecutus
813 2497 994 2535 viderer.
1034 2497 1290 2544 Ubicunque
1323 2507 1426 2535 vero
1459 2497 1559 2536 boni
1593 2497 1754 2544 aliquid
1788 2496 1839 2534 ab

201 2572 299 2611 aliis
339 2574 569 2611 mutuatus
613 2582 761 2610 meum
803 2572 846 2610 in
883 2583 1012 2611 usum
1047 2573 1245 2611 converti
1279 2574 1503 2611 auctorem
1535 2572 1734 2618 laudavi;
1769 2571 1842 2609 ubi

200 2648 331 2698 sorte,
364 2649 435 2695 qui
467 2650 569 2687 ante
602 2658 673 2687 me
706 2658 806 2686 mea
836 2648 1060 2697 dixerunt,
1096 2658 1183 2687 non
1215 2648 1412 2697 laudavi,
1448 2648 1624 2686 nescius
1650 2647 1841 2695 peccavi,

258 2725 483 2763 Materiem
517 2724 706 2771 undique
739 2734 962 2762 corrasam
995 2724 1257 2772 dispositam
1292 2724 1466 2771 quidem
1501 2724 1575 2761 sed
1604 2733 1691 2761 non
1723 2733 1842 2760 orna-

202 2801 312 2849 tam,
362 2810 416 2838 ne
462 2800 658 2838 fucatam
707 2800 867 2848 dicam,
917 2799 1133 2838 iudicibus
1180 2810 1273 2838 rem
1323 2801 1464 2848 ipsam
1513 2798 1842 2837 attendentibus

201 2886 441 2924 proponere
500 2875 641 2923 volui;
701 2876 852 2923 ignota
900 2875 1123 2913 incertave
1172 2876 1321 2913 omnia
1367 2875 1563 2913 flosculis
1608 2873 1843 2922 figurisque

201 2950 432 2989 rhetoricis
465 2951 666 2999 obtegere
699 2950 832 2988 nolui.
867 2949 1049 2997 Saepius
1081 2951 1288 2989 tramites
1320 2950 1431 2988 inire
1465 2949 1694 2997 debebam,
1725 2950 1773 2986 ut
1800 2948 1843 2985 in

207 3026 327 3067 viam
360 3025 503 3076 ipsam
530 3027 798 3073 reverterer3
827 3025 911 3063 iter
938 3026 1086 3063 autem
1115 3035 1190 3073 per
1217 3025 1312 3064 loca
1338 3025 1556 3073 saltuosa,
1587 3024 1843 3071 caliginosa,
