2141 3487
820 323 873 349 Db:
906 323 1051 350 AiAcE.
1670 318 1742 353 131

181 439 299 488 Quod
332 439 369 476 si
401 438 498 485 quis
530 437 653 475 nobis
686 436 820 475 obicit
852 436 959 474 haec
990 437 1139 475 omnia
1172 436 1223 475 ob
1263 437 1416 475 Iliadis
1448 440 1752 486 perantiquam

120 512 276 565 γένεσιν
319 513 392 551 vix
434 523 537 551 vera
575 521 672 551 esse
714 522 864 561 posse,
899 523 921 550 e
955 513 1106 550 nostra
1137 513 1256 551 enim
1289 514 1512 552 sententia
1544 515 1752 554 deducen—

121 590 224 628 dum
268 599 365 628 esse
406 589 558 627 Iliadis
595 588 809 636 originem
843 587 989 627 deberi
1022 589 1163 637 poetis
1195 590 1298 627 noni
1333 589 1401 628 vel
1432 590 1579 628 octavi
1610 601 1755 629 saecu-

120 665 282 712 lorum,
332 664 650 712 respondemus
698 663 824 702 nobis
871 664 986 702 haud
1030 664 1182 712 inepta
1230 665 1364 703 videri
1417 676 1525 712 quae
1573 667 1756 714 protulit

121 740 391 779 Herodotus:
439 737 636 789 η’Όμηρον
673 735 834 789 ἡλικίην
875 739 1157 790 τετρακοσίοισι
1192 738 1290 777 ἔτεσι
1323 738 1447 778 δοκέω
1480 754 1552 789 μευ
1586 742 1755 792 πρεσβύ-

120 830 232 866 τερον
275 813 464 867 γενέσθαι
503 813 567 853 καὶ
613 814 660 853 οὐ
703 812 846 853 πλέοσῖ
881 816 935 860 (II
979 816 1062 860 53).
1106 816 1213 854 Tam
1255 816 1360 855 Ilias
1393 826 1526 864 quam
1561 817 1757 864 Odyssea

120 892 236 930 iusto
269 892 489 939 antiquior
521 891 669 930 haberi
702 891 828 929 solet.

178 967 334 1006 Restat
375 969 523 1006 autem
556 967 755 1014 quaestio
789 977 875 1005 non
908 966 1191 1015 neglegenda.
1225 967 1439 1006 Veremur
1473 969 1590 1007 enim
1622 971 1671 1007 ut
1704 992 1756 996 —

120 1044 232 1090 quod
274 1043 470 1091 perhibet
512 1043 683 1091 Gruppe
721 1064 777 1069 —
810 1053 835 1081 a
870 1042 1000 1081 verbo
1032 1042 1247 1092 ἱλάσκομαι
1282 1043 1508 1091 „placare”
1543 1045 1759 1092 Apollinis

121 1129 362 1167 cognomen
405 1119 557 1157 deduci
595 1118 747 1167 possit.
783 1118 890 1166 Quid
924 1118 1059 1167 enim,
1094 1120 1143 1156 ut
1176 1119 1277 1157 hinc
1310 1119 1592 1169 incipiamus,
1627 1120 1756 1168 signi·

119 1194 221 1234 fleat
265 1194 446 1243 „Apollo
489 1194 562 1241 qui
604 1194 812 1242 placat”‘?
855 1194 1062 1232 Placatur
1103 1194 1228 1244 deus,
1263 1204 1350 1233 non
1382 1195 1542 1244 placat.
1574 1196 1759 1235 Perfecti

120 1281 224 1310 ‘vero
257 1271 391 1309 activi
424 1272 605 1309 exstant
636 1270 804 1309 formae
837 1280 972 1308 sensu
1009 1270 1273 1318 „propitium
1308 1271 1449 1310 esse”.
1484 1271 1568 1311 Hic
1602 1272 1760 1311 saltem

119 1356 277 1386 sensus
317 1346 362 1384 in
404 1346 533 1384 deum
576 1345 773 1393 quadrat.
819 1345 999 1394 „Apollo
1044 1346 1115 1392 qui
1156 1346 1370 1394 propitius
1408 1349 1494 1396 est,
1529 1348 1601 1395 qui
1634 1359 1758 1397 opem

119 1423 222 1472 sert,
273 1423 353 1461 sub
402 1423 527 1460 cuius
569 1421 710 1460 tutela
742 1432 822 1460 arx
854 1422 979 1460 salva
1012 1421 1232 1460 videtur.’'
1264 1421 1438 1460 Dixeris
1471 1422 1639 1462 nullum
1674 1424 1763 1462 fere

120 1508 360 1546 cognomen
402 1497 546 1546 aptius
587 1507 682 1536 esse
725 1507 854 1546 posse
896 1497 1086 1546 numini,
1130 1497 1197 1535 cui
1242 1496 1345 1536 urbs
1378 1498 1522 1545 aliqua
1554 1499 1763 1538 mandata

117 1574 191 1616 sit.
239 1574 426 1622 Revera,
475 1573 579 1612 dum
626 1574 717 1612 fata
764 1573 984 1622 sinebant,
1035 1573 1188 1621 Apollo
1232 1573 1385 1612 Troiae
1432 1575 1671 1622 propitium
1715 1586 1761 1613 se

121 1651 356 1699 praestitit.
391 1650 497 1699 Quid
542 1662 642 1689 vero
684 1651 735 1690 de
778 1650 898 1689 urbis
939 1651 1115 1688 nomine
1158 1651 1440 1688 statuamus?
1484 1649 1764 1698 Significatne

124 1726 227 1774 „illa
288 1727 356 1765 cui
419 1726 525 1765 deus
588 1726 841 1775 opitulatur,
904 1737 1014 1774 quae
1076 1726 1322 1775 se1·vatur'’,
1382 1736 1435 1764 an
1497 1727 1598 1774 „illa
1655 1738 1763 1774 quae

123 1813 250 1841 sacra
288 1805 355 1842 est
387 1803 465 1842 deo
498 1803 570 1850 qui
603 1798 688 1840 κατ’
725 1800 865 1852 ἐξοχήν
898 1813 1023 1850 opem
1057 1802 1160 1854 fert,
1193 1803 1360 1850 servat,
1395 1802 1543 1841 salvat
1574 1803 1642 1847 (cf.
1677 1804 1761 1842 San

134 1878 414 1924 Salvador!)‘?

184 1954 266 1994 Sed
322 1955 567 1993 cavendum
626 1965 680 1993 ne
727 1955 1022 2002 grammatica
1068 1956 1161 1993 arte
1209 1954 1411 2002 neglecta
1456 1955 1765 2003 indulgeamus

124 2030 315 2078 ingenio.
374 2030 486 2069 Nam
541 2029 675 2068 Ηλιον
723 2041 823 2069 cum
872 2030 1003 2068 verbo
1054 2028 1164 2079 ἴλημι
1212 2030 1444 2069 cohaerere
1491 2041 1577 2069 non
1624 2032 1768 2079 potest

129 2106 213 2144 nisi
270 2107 441 2144 constet
496 2106 577 2145 hoc
634 2105 815 2144 verbum
873 2105 1105 2144 admisisse
1160 2105 1398 2152 digamma.
1448 2104 1768 2145 Concludamus

128 2191 230 2230 ergo
271 2182 353 2221 hoc
399 2181 662 2230 opusculum
709 2180 1034 2230 disquisitione,
1080 2190 1189 2227 quae
1231 2183 1372 2219 artem
1415 2182 1586 2229 spectat
1626 2192 1767 2229 gram-

130 2257 356 2297 maticam.

191 2333 299 2382 Quid
331 2333 457 2372 docet
488 2343 644 2372 versus
676 2332 862 2380 epicus?

190 2409 382 2448 Verbum
415 2408 627 2458 ἱλάσκομαι
655 2409 910 2447 constanter
941 2408 1166 2456 digamma
1198 2409 1379 2457 respuit.
1406 2409 1600 2448 Exstant
1627 2412 1773 2449 autem

133 2495 289 2525 versus
335 2485 446 2533 epici
488 2484 532 2522 in
577 2484 734 2531 quibus
777 2484 961 2522 verbum
1004 2483 1132 2533 ἴλημι,
1178 2494 1265 2523 non
1307 2485 1402 2524 dico
1445 2486 1660 2536 admittit,
1696 2488 1771 2525 sed

134 2562 274 2611 poscit
303 2562 346 2600 f.
381 2560 596 2599 Mittimus
629 2570 784 2599 versus
816 2560 979 2608 Hymn.
1014 2560 1177 2610 XXIII,
1211 2562 1237 2598 4
1272 2562 1315 2599 et
1346 2562 1384 2611 I,
1417 2563 1482 2611 17,
1514 2562 1586 2609 qui
1614 2573 1639 2601 a
1665 2573 1772 2601 voce

134 2633 241 2687 ἵληθ’
279 2637 507 2685 incipiunt.
542 2636 682 2675 Versu
715 2638 864 2675 autem
898 2650 928 2684 φ
962 2637 1068 2675 365;

316 2711 512 2750 Ἀπόλλων
543 2709 548 2761 Ι
576 2705 672 2760 ἧμιν
698 2707 742 2748 θ’
764 2710 923 2764 ἱλήκῃσι
954 2708 1021 2748 καὶ
1054 2709 1253 2749 ἀθάνατοι
1283 2709 1375 2749 θεοὶ
1406 2709 1517 2750 ἄλλοι

136 2788 306 2827 codices
339 2788 586 2837 complures
617 2790 649 2824 θ
682 2787 907 2826 omittunt.
941 2788 1111 2826 Revera
1144 2787 1355 2827 vocabulo
1388 2801 1425 2825 τε
1458 2788 1516 2826 ibi
1548 2798 1657 2836 opus
1689 2797 1773 2826 non

138 2865 207 2902 est
239 2873 379 2911 neque
412 2864 511 2912 post
541 2856 639 2912 ἧμιν
671 2862 865 2910 positum
898 2862 1055 2910 placet.

196 2940 360 2988 Hymn.
393 2938 611 2988 Apollinis
646 2948 710 2977 vs.
748 2939 830 2976 165
865 2938 1033 2976 editur:

435 3009 512 3051 ἀλλ’
551 3009 669 3065 ἄγεθ’
706 3012 837 3063 ἱλήκοι
869 3010 941 3062 μὲν
975 3012 1172 3051 Ἀπόλλων
1206 3010 1399 3063 Ἀρτέμιδι
1432 3013 1505 3059 ξύν
