<?xml version="1.0" encoding="UTF-8"?>
<!DOCTYPE html PUBLIC "-//W3C//DTD XHTML 1.0 Transitional//EN"
    "http://www.w3.org/TR/xhtml1/DTD/xhtml1-transitional.dtd">
<html xmlns="http://www.w3.org/1999/xhtml" xml:lang="en" lang="en">
 <head>
  <title>
</title>
<meta http-equiv="Content-Type" content="text/html;charset=utf-8" />
  <meta name='ocr-system' content='tesseract 3.04.00' />
  <meta name='ocr-capabilities' content='ocr_page ocr_carea ocr_par ocr_line ocrx_word'/>
</head>
<body>
  <div class='ocr_page' id='page_1' title='image "./deaiacisoriginec00vr_0057.png"; bbox 0 0 2141 3487; ppageno 0'>
   <div class='ocr_carea' id='block_1_1' title="bbox 863 303 1794 340">
    <p class='ocr_par' dir='ltr' id='par_1_1' title="bbox 863 303 1794 340">
     <span class='ocr_line' id='line_1_1' title="bbox 863 303 1794 340; baseline -0.002 -1"><span class='ocrx_word' id='word_1_1' title='bbox 863 313 916 339; x_wconf 76' lang='lat' dir='ltr'>m:</span> <span class='ocrx_word' id='word_1_2' title='bbox 948 311 1093 340; x_wconf 72' lang='lat' dir='ltr'>AiAoE.</span> <span class='ocrx_word' id='word_1_3' title='bbox 1740 303 1794 338; x_wconf 77' lang='lat'>45</span> 
     </span>
    </p>
   </div>
   <div class='ocr_carea' id='block_1_2' title="bbox 155 423 1804 3067">
    <p class='ocr_par' dir='ltr' id='par_1_2' title="bbox 160 423 1798 631">
     <span class='ocr_line' id='line_1_2' title="bbox 160 423 1795 481; baseline -0.005 -10"><span class='ocrx_word' id='word_1_4' title='bbox 160 442 255 481; x_wconf 79' lang='lat' dir='ltr'>sus,</span> <span class='ocrx_word' id='word_1_5' title='bbox 300 431 457 478; x_wconf 76' lang='lat' dir='ltr'>quibus</span> <span class='ocrx_word' id='word_1_6' title='bbox 490 429 644 477; x_wconf 81' lang='lat' dir='ltr'>incipit</span> <span class='ocrx_word' id='word_1_7' title='bbox 671 428 779 466; x_wconf 90' lang='lat' dir='ltr'>liber</span> <span class='ocrx_word' id='word_1_8' title='bbox 813 428 865 466; x_wconf 91' lang='lat' dir='ltr'>N.</span> <span class='ocrx_word' id='word_1_9' title='bbox 899 427 1129 475; x_wconf 84' lang='lat' dir='ltr'>Neptunus</span> <span class='ocrx_word' id='word_1_10' title='bbox 1162 425 1220 462; x_wconf 87' lang='lat' dir='ltr'>ibi</span> <span class='ocrx_word' id='word_1_11' title='bbox 1254 423 1304 462; x_wconf 82' lang='grc' dir='ltr'>τὼ</span> <span class='ocrx_word' id='word_1_12' title='bbox 1340 424 1485 462; x_wconf 80' lang='grc' dir='ltr'><em>Αὶάντε</em></span> <span class='ocrx_word' id='word_1_13' title='bbox 1518 425 1570 462; x_wconf 77' lang='lat' dir='ltr'>ad</span> <span class='ocrx_word' id='word_1_14' title='bbox 1603 435 1795 473; x_wconf 78' lang='lat' dir='ltr'>pugnam</span> 
     </span>
     <span class='ocr_line' id='line_1_3' title="bbox 160 501 1798 555; baseline -0.005 -9"><span class='ocrx_word' id='word_1_15' title='bbox 160 509 314 547; x_wconf 88' lang='lat' dir='ltr'>incitat</span> <span class='ocrx_word' id='word_1_16' title='bbox 355 506 655 555; x_wconf 81' lang='lat' dir='ltr'>remedioque,</span> <span class='ocrx_word' id='word_1_17' title='bbox 700 514 783 552; x_wconf 87' lang='lat' dir='ltr'>quo</span> <span class='ocrx_word' id='word_1_18' title='bbox 827 503 929 542; x_wconf 86' lang='lat' dir='ltr'>alibi</span> <span class='ocrx_word' id='word_1_19' title='bbox 974 503 1017 540; x_wconf 85' lang='lat' dir='ltr'>in</span> <span class='ocrx_word' id='word_1_20' title='bbox 1061 501 1196 540; x_wconf 80' lang='lat' dir='ltr'>Iliade</span> <span class='ocrx_word' id='word_1_21' title='bbox 1239 501 1386 539; x_wconf 86' lang='lat' dir='ltr'>nullus</span> <span class='ocrx_word' id='word_1_22' title='bbox 1419 501 1526 539; x_wconf 90' lang='lat' dir='ltr'>deus</span> <span class='ocrx_word' id='word_1_23' title='bbox 1561 501 1710 549; x_wconf 88' lang='lat' dir='ltr'>utitur,</span> <span class='ocrx_word' id='word_1_24' title='bbox 1745 501 1798 538; x_wconf 87' lang='lat' dir='ltr'>ad</span> 
     </span>
     <span class='ocr_line' id='line_1_4' title="bbox 161 580 1114 631; baseline -0.005 -9"><span class='ocrx_word' id='word_1_25' title='bbox 161 584 417 622; x_wconf 86' lang='lat' dir='ltr'>certandum</span> <span class='ocrx_word' id='word_1_26' title='bbox 453 583 598 631; x_wconf 86' lang='lat' dir='ltr'>magis</span> <span class='ocrx_word' id='word_1_27' title='bbox 631 592 706 621; x_wconf 88' lang='lat' dir='ltr'>eos</span> <span class='ocrx_word' id='word_1_28' title='bbox 738 581 881 620; x_wconf 79' lang='lat' dir='ltr'>reddit</span> <span class='ocrx_word' id='word_1_29' title='bbox 911 580 1114 619; x_wconf 89' lang='lat' dir='ltr'>idoneos:</span> 
     </span>
    </p>

    <p class='ocr_par' dir='ltr' id='par_1_3' title="bbox 401 638 1264 712">
     <span class='ocr_line' id='line_1_5' title="bbox 401 638 1264 712; baseline -0.006 -15"><span class='ocrx_word' id='word_1_30' title='bbox 401 653 446 710; x_wconf 75' lang='grc' dir='ltr'>ἦ,</span> <span class='ocrx_word' id='word_1_31' title='bbox 475 657 542 696; x_wconf 82' lang='grc' dir='ltr'>καὶ</span> <span class='ocrx_word' id='word_1_32' title='bbox 576 638 785 712; x_wconf 81' lang='grc' dir='ltr'><em>σκηπανίῳ</em></span> <span class='ocrx_word' id='word_1_33' title='bbox 817 655 1005 708; x_wconf 80' lang='grc' dir='ltr'><em>γαιήοχος</em></span> <span class='ocrx_word' id='word_1_34' title='bbox 1039 654 1264 707; x_wconf 77' lang='grc' dir='ltr'><em>ἐνοσίγαιος</em></span> 
     </span>
    </p>

    <p class='ocr_par' dir='ltr' id='par_1_4' title="bbox 401 729 1444 787">
     <span class='ocr_line' id='line_1_6' title="bbox 401 729 1444 787; baseline -0.006 -13"><span class='ocrx_word' id='word_1_35' title='bbox 401 733 614 787; x_wconf 72' lang='grc' dir='ltr'><em>ἀμφοτέρω</em></span> <span class='ocrx_word' id='word_1_36' title='bbox 646 732 825 780; x_wconf 79' lang='grc' dir='ltr'><strong><em>κεκοπὼς</em></strong></span> <span class='ocrx_word' id='word_1_37' title='bbox 852 729 1018 783; x_wconf 82' lang='grc' dir='ltr'><em>’πλῆσεν</em></span> <span class='ocrx_word' id='word_1_38' title='bbox 1050 729 1188 782; x_wconf 83' lang='grc' dir='ltr'><em>μένεος</em></span> <span class='ocrx_word' id='word_1_39' title='bbox 1220 733 1444 783; x_wconf 78' lang='grc' dir='ltr'><em>κρατεροῖο,</em></span> 
     </span>
    </p>

    <p class='ocr_par' dir='ltr' id='par_1_5' title="bbox 401 806 1571 864">
     <span class='ocr_line' id='line_1_7' title="bbox 401 806 1571 864; baseline -0.005 -14"><span class='ocrx_word' id='word_1_40' title='bbox 401 814 494 864; x_wconf 80' lang='grc' dir='ltr'><em>γυῖα</em></span> <span class='ocrx_word' id='word_1_41' title='bbox 528 807 562 849; x_wconf 82' lang='grc' dir='ltr'>δ’</span> <span class='ocrx_word' id='word_1_42' title='bbox 599 810 748 861; x_wconf 76' lang='grc' dir='ltr'><em>ἔθηκεν</em></span> <span class='ocrx_word' id='word_1_43' title='bbox 780 808 954 861; x_wconf 77' lang='grc' dir='ltr'>ἐλαφρὰ,</span> <span class='ocrx_word' id='word_1_44' title='bbox 985 808 1114 854; x_wconf 79' lang='grc' dir='ltr'><em>πόδας</em></span> <span class='ocrx_word' id='word_1_45' title='bbox 1145 806 1214 846; x_wconf 82' lang='grc' dir='ltr'>καὶ</span> <span class='ocrx_word' id='word_1_46' title='bbox 1245 811 1376 859; x_wconf 83' lang='grc' dir='ltr'><em>χεῖρας</em></span> <span class='ocrx_word' id='word_1_47' title='bbox 1407 807 1571 858; x_wconf 71' lang='grc' dir='ltr'><em>ὕπερθε.</em></span> 
     </span>
    </p>

    <p class='ocr_par' dir='ltr' id='par_1_6' title="bbox 157 870 1800 1163">
     <span class='ocr_line' id='line_1_8' title="bbox 222 870 1800 936; baseline -0.004 -9"><span class='ocrx_word' id='word_1_48' title='bbox 222 888 318 927; x_wconf 91' lang='lat' dir='ltr'>Miri</span> <span class='ocrx_word' id='word_1_49' title='bbox 365 898 543 936; x_wconf 88' lang='lat' dir='ltr'>versus;</span> <span class='ocrx_word' id='word_1_50' title='bbox 589 898 663 926; x_wconf 87' lang='lat' dir='ltr'>cur</span> <span class='ocrx_word' id='word_1_51' title='bbox 706 887 825 926; x_wconf 87' lang='lat' dir='ltr'>enim</span> <span class='ocrx_word' id='word_1_52' title='bbox 865 886 998 935; x_wconf 90' lang='lat' dir='ltr'>pedes</span> <span class='ocrx_word' id='word_1_53' title='bbox 1040 885 1271 924; x_wconf 87' lang='lat' dir='ltr'>celeriores</span> <span class='ocrx_word' id='word_1_54' title='bbox 1314 870 1553 922; x_wconf 79' lang='lat' dir='ltr'>redduntur</span> <span class='ocrx_word' id='word_1_55' title='bbox 1587 884 1658 933; x_wconf 91' lang='lat' dir='ltr'>iis,</span> <span class='ocrx_word' id='word_1_56' title='bbox 1694 894 1800 931; x_wconf 85' lang='lat' dir='ltr'>quos</span> 
     </span>
     <span class='ocr_line' id='line_1_9' title="bbox 161 960 1800 1013; baseline -0.002 -10"><span class='ocrx_word' id='word_1_57' title='bbox 161 964 290 1003; x_wconf 89' lang='lat' dir='ltr'>modo</span> <span class='ocrx_word' id='word_1_58' title='bbox 333 964 581 1002; x_wconf 89' lang='lat' dir='ltr'>obsecravit</span> <span class='ocrx_word' id='word_1_59' title='bbox 613 963 738 1013; x_wconf 91' lang='lat' dir='ltr'>deus,</span> <span class='ocrx_word' id='word_1_60' title='bbox 773 965 822 1001; x_wconf 88' lang='lat' dir='ltr'>ut</span> <span class='ocrx_word' id='word_1_61' title='bbox 854 961 978 1001; x_wconf 88' lang='lat' dir='ltr'>firme</span> <span class='ocrx_word' id='word_1_62' title='bbox 1012 961 1273 1001; x_wconf 81' lang='lat' dir='ltr'>insistentes</span> <span class='ocrx_word' id='word_1_63' title='bbox 1305 960 1539 999; x_wconf 75' lang='lat' dir='ltr'>Hectorem</span> <span class='ocrx_word' id='word_1_64' title='bbox 1572 960 1800 1008; x_wconf 80' lang='lat' dir='ltr'>repellant.</span> 
     </span>
     <span class='ocr_line' id='line_1_10' title="bbox 161 1037 1797 1089; baseline -0.002 -11"><span class='ocrx_word' id='word_1_65' title='bbox 161 1040 297 1088; x_wconf 86' lang='lat' dir='ltr'>Magis</span> <span class='ocrx_word' id='word_1_66' title='bbox 341 1050 496 1078; x_wconf 89' lang='lat' dir='ltr'>versus</span> <span class='ocrx_word' id='word_1_67' title='bbox 529 1040 673 1089; x_wconf 90' lang='lat' dir='ltr'>placet</span> <span class='ocrx_word' id='word_1_68' title='bbox 711 1040 742 1076; x_wconf 87' lang='grc' dir='ltr'><em>Ε</em></span> <span class='ocrx_word' id='word_1_69' title='bbox 778 1040 878 1088; x_wconf 88' lang='grc'>122,</span> <span class='ocrx_word' id='word_1_70' title='bbox 915 1038 986 1076; x_wconf 87' lang='lat' dir='ltr'>ubi</span> <span class='ocrx_word' id='word_1_71' title='bbox 1018 1038 1213 1076; x_wconf 88' lang='lat' dir='ltr'>Minerva</span> <span class='ocrx_word' id='word_1_72' title='bbox 1245 1037 1503 1076; x_wconf 86' lang='lat' dir='ltr'>Diomedem</span> <span class='ocrx_word' id='word_1_73' title='bbox 1537 1037 1589 1075; x_wconf 86' lang='lat' dir='ltr'>ad</span> <span class='ocrx_word' id='word_1_74' title='bbox 1622 1037 1797 1075; x_wconf 87' lang='lat' dir='ltr'>hostem</span> 
     </span>
     <span class='ocr_line' id='line_1_11' title="bbox 157 1114 1172 1163; baseline -0.002 -9"><span class='ocrx_word' id='word_1_75' title='bbox 157 1116 507 1163; x_wconf 89' lang='lat' dir='ltr'>persequendum</span> <span class='ocrx_word' id='word_1_76' title='bbox 541 1116 708 1154; x_wconf 90' lang='lat' dir='ltr'>viribus</span> <span class='ocrx_word' id='word_1_77' title='bbox 739 1115 867 1154; x_wconf 85' lang='lat' dir='ltr'>novis</span> <span class='ocrx_word' id='word_1_78' title='bbox 900 1114 1172 1153; x_wconf 80' lang='lat' dir='ltr'>corroborat:</span> 
     </span>
    </p>

    <p class='ocr_par' dir='ltr' id='par_1_7' title="bbox 155 1185 1801 1612">
     <span class='ocr_line' id='line_1_12' title="bbox 815 1185 1508 1239; baseline -0.004 -10"><span class='ocrx_word' id='word_1_79' title='bbox 815 1195 885 1229; x_wconf 87' lang='grc' dir='ltr'>τοῦ</span> <span class='ocrx_word' id='word_1_80' title='bbox 920 1185 955 1228; x_wconf 81' lang='grc' dir='ltr'>δ’</span> <span class='ocrx_word' id='word_1_81' title='bbox 993 1188 1105 1228; x_wconf 74' lang='grc' dir='ltr'><em>ἔκλυε</em></span> <span class='ocrx_word' id='word_1_82' title='bbox 1139 1187 1303 1235; x_wconf 81' lang='grc' dir='ltr'><em>Παλλὰς</em></span> <span class='ocrx_word' id='word_1_83' title='bbox 1336 1188 1508 1239; x_wconf 77' lang='grc' dir='ltr'>Ἀθήνη,</span> 
     </span>
     <span class='ocr_line' id='line_1_13' title="bbox 449 1263 1622 1319; baseline -0.003 -14"><span class='ocrx_word' id='word_1_84' title='bbox 449 1270 542 1319; x_wconf 78' lang='grc' dir='ltr'><em>γυῖα</em></span> <span class='ocrx_word' id='word_1_85' title='bbox 577 1263 612 1305; x_wconf 81' lang='grc' dir='ltr'>δ’</span> <span class='ocrx_word' id='word_1_86' title='bbox 649 1266 797 1318; x_wconf 76' lang='grc' dir='ltr'><em>ἔθηκεν</em></span> <span class='ocrx_word' id='word_1_87' title='bbox 832 1265 1000 1318; x_wconf 80' lang='grc' dir='ltr'>ἐλαφρὰ,</span> <span class='ocrx_word' id='word_1_88' title='bbox 1031 1265 1160 1312; x_wconf 79' lang='grc' dir='ltr'><em>πόδας</em></span> <span class='ocrx_word' id='word_1_89' title='bbox 1192 1263 1259 1304; x_wconf 80' lang='grc' dir='ltr'>καὶ</span> <span class='ocrx_word' id='word_1_90' title='bbox 1292 1268 1422 1317; x_wconf 82' lang='grc' dir='ltr'><em>χεῖρας</em></span> <span class='ocrx_word' id='word_1_91' title='bbox 1454 1265 1622 1315; x_wconf 72' lang='grc' dir='ltr'>ὕπερθε,</span> 
     </span>
     <span class='ocr_line' id='line_1_14' title="bbox 158 1341 1801 1392; baseline -0.002 -10"><span class='ocrx_word' id='word_1_92' title='bbox 158 1343 277 1382; x_wconf 87' lang='lat' dir='ltr'>nulla</span> <span class='ocrx_word' id='word_1_93' title='bbox 326 1354 426 1383; x_wconf 90' lang='lat' dir='ltr'>vero</span> <span class='ocrx_word' id='word_1_94' title='bbox 476 1345 598 1392; x_wconf 87' lang='lat' dir='ltr'>virga</span> <span class='ocrx_word' id='word_1_95' title='bbox 645 1344 817 1392; x_wconf 82' lang='lat' dir='ltr'>magica</span> <span class='ocrx_word' id='word_1_96' title='bbox 859 1343 1070 1382; x_wconf 89' lang='lat' dir='ltr'>adhibita.</span> <span class='ocrx_word' id='word_1_97' title='bbox 1116 1343 1239 1381; x_wconf 87' lang='lat' dir='ltr'>Talia</span> <span class='ocrx_word' id='word_1_98' title='bbox 1281 1343 1400 1380; x_wconf 92' lang='lat' dir='ltr'>enim</span> <span class='ocrx_word' id='word_1_99' title='bbox 1443 1342 1495 1380; x_wconf 91' lang='lat' dir='ltr'>ab</span> <span class='ocrx_word' id='word_1_100' title='bbox 1529 1341 1663 1380; x_wconf 80' lang='lat' dir='ltr'>Iliade</span> <span class='ocrx_word' id='word_1_101' title='bbox 1696 1343 1801 1379; x_wconf 88' lang='lat' dir='ltr'>sunt</span> 
     </span>
     <span class='ocr_line' id='line_1_15' title="bbox 155 1418 1797 1468; baseline -0.002 -11"><span class='ocrx_word' id='word_1_102' title='bbox 155 1419 298 1458; x_wconf 90' lang='lat' dir='ltr'>aliena</span> <span class='ocrx_word' id='word_1_103' title='bbox 338 1420 581 1468; x_wconf 80' lang='lat' dir='ltr'>meliusque</span> <span class='ocrx_word' id='word_1_104' title='bbox 620 1421 836 1467; x_wconf 77' lang='lat' dir='ltr'>quadrant</span> <span class='ocrx_word' id='word_1_105' title='bbox 866 1420 910 1458; x_wconf 85' lang='lat' dir='ltr'>in</span> <span class='ocrx_word' id='word_1_106' title='bbox 944 1419 1189 1467; x_wconf 72' lang='lat' dir='ltr'>Odyssean]</span> <span class='ocrx_word' id='word_1_107' title='bbox 1223 1421 1260 1464; x_wconf 77' lang='grc' dir='ltr'>(κ</span> <span class='ocrx_word' id='word_1_108' title='bbox 1294 1419 1393 1467; x_wconf 82' lang='grc'>238,</span> <span class='ocrx_word' id='word_1_109' title='bbox 1431 1432 1451 1455; x_wconf 87' lang='grc' dir='ltr'><em>ν</em></span> <span class='ocrx_word' id='word_1_110' title='bbox 1485 1418 1585 1466; x_wconf 80' lang='grc'>429,</span> <span class='ocrx_word' id='word_1_111' title='bbox 1619 1430 1648 1454; x_wconf 82' lang='grc' dir='ltr'><em>π</em></span> <span class='ocrx_word' id='word_1_112' title='bbox 1686 1418 1797 1462; x_wconf 84' lang='grc'>172).</span> 
     </span>
     <span class='ocr_line' id='line_1_16' title="bbox 159 1493 1797 1546; baseline -0.001 -13"><span class='ocrx_word' id='word_1_113' title='bbox 159 1495 200 1532; x_wconf 75' lang='grc' dir='ltr'>Ω</span> <span class='ocrx_word' id='word_1_114' title='bbox 243 1497 327 1534; x_wconf 78' lang='lat'>343</span> <span class='ocrx_word' id='word_1_115' title='bbox 370 1496 634 1546; x_wconf 81' lang='lat' dir='ltr'>excipimus,</span> <span class='ocrx_word' id='word_1_116' title='bbox 668 1495 878 1543; x_wconf 86' lang='lat' dir='ltr'>quoniam</span> <span class='ocrx_word' id='word_1_117' title='bbox 911 1495 987 1545; x_wconf 91' lang='lat' dir='ltr'>ibi,</span> <span class='ocrx_word' id='word_1_118' title='bbox 1022 1497 1071 1534; x_wconf 90' lang='lat' dir='ltr'>ut</span> <span class='ocrx_word' id='word_1_119' title='bbox 1103 1495 1146 1533; x_wconf 89' lang='lat' dir='ltr'>in</span> <span class='ocrx_word' id='word_1_120' title='bbox 1181 1495 1396 1543; x_wconf 83' lang='lat' dir='ltr'>Odyssea,</span> <span class='ocrx_word' id='word_1_121' title='bbox 1431 1493 1670 1532; x_wconf 86' lang='lat' dir='ltr'>Mercurius</span> <span class='ocrx_word' id='word_1_122' title='bbox 1703 1493 1797 1531; x_wconf 89' lang='lat' dir='ltr'>deo-</span> 
     </span>
     <span class='ocr_line' id='line_1_17' title="bbox 159 1573 585 1612; baseline 0.005 -2"><span class='ocrx_word' id='word_1_123' title='bbox 159 1582 258 1610; x_wconf 90' lang='lat' dir='ltr'>rum</span> <span class='ocrx_word' id='word_1_124' title='bbox 289 1574 358 1612; x_wconf 90' lang='lat' dir='ltr'>est</span> <span class='ocrx_word' id='word_1_125' title='bbox 389 1573 585 1612; x_wconf 84' lang='lat' dir='ltr'>nuntius.</span> 
     </span>
    </p>

    <p class='ocr_par' dir='ltr' id='par_1_8' title="bbox 157 1646 1804 2304">
     <span class='ocr_line' id='line_1_18' title="bbox 216 1646 1803 1698; baseline -0.002 -11"><span class='ocrx_word' id='word_1_126' title='bbox 216 1649 413 1697; x_wconf 86' lang='lat' dir='ltr'>Accedit,</span> <span class='ocrx_word' id='word_1_127' title='bbox 458 1649 571 1696; x_wconf 90' lang='lat' dir='ltr'>quod</span> <span class='ocrx_word' id='word_1_128' title='bbox 614 1647 841 1698; x_wconf 78' lang='grc' dir='ltr'><em>σκηπάνιου</em></span> <span class='ocrx_word' id='word_1_129' title='bbox 874 1648 970 1686; x_wconf 90' lang='lat' dir='ltr'>seni</span> <span class='ocrx_word' id='word_1_130' title='bbox 1000 1648 1147 1696; x_wconf 83' lang='lat' dir='ltr'>potius</span> <span class='ocrx_word' id='word_1_131' title='bbox 1179 1647 1289 1696; x_wconf 87' lang='lat' dir='ltr'>regi,</span> <span class='ocrx_word' id='word_1_132' title='bbox 1325 1646 1467 1693; x_wconf 87' lang='lat' dir='ltr'>qualis</span> <span class='ocrx_word' id='word_1_133' title='bbox 1499 1647 1569 1686; x_wconf 89' lang='lat' dir='ltr'>est</span> <span class='ocrx_word' id='word_1_134' title='bbox 1600 1646 1803 1685; x_wconf 84' lang='lat' dir='ltr'>Priamus</span> 
     </span>
     <span class='ocr_line' id='line_1_19' title="bbox 157 1721 1804 1774; baseline -0.001 -11"><span class='ocrx_word' id='word_1_135' title='bbox 157 1725 225 1770; x_wconf 87' lang='lat' dir='ltr'>(cf.</span> <span class='ocrx_word' id='word_1_136' title='bbox 253 1725 294 1762; x_wconf 78' lang='grc' dir='ltr'>,Ω</span> <span class='ocrx_word' id='word_1_137' title='bbox 323 1725 442 1774; x_wconf 83' lang='lat'>247),</span> <span class='ocrx_word' id='word_1_138' title='bbox 472 1724 792 1773; x_wconf 85' lang='lat' dir='ltr'>attribuamus,</span> <span class='ocrx_word' id='word_1_139' title='bbox 821 1734 955 1772; x_wconf 86' lang='lat' dir='ltr'>quam</span> <span class='ocrx_word' id='word_1_140' title='bbox 984 1724 1062 1762; x_wconf 89' lang='lat' dir='ltr'>deo</span> <span class='ocrx_word' id='word_1_141' title='bbox 1090 1723 1289 1772; x_wconf 88' lang='lat' dir='ltr'>robusto,</span> <span class='ocrx_word' id='word_1_142' title='bbox 1320 1723 1393 1770; x_wconf 87' lang='lat' dir='ltr'>qui</span> <span class='ocrx_word' id='word_1_143' title='bbox 1419 1721 1602 1773; x_wconf 75' lang='grc' dir='ltr'><em>τρίαιναν</em></span> <span class='ocrx_word' id='word_1_144' title='bbox 1630 1725 1804 1770; x_wconf 84' lang='lat' dir='ltr'>gestare</span> 
     </span>
     <span class='ocr_line' id='line_1_20' title="bbox 159 1798 1804 1850; baseline -0.002 -11"><span class='ocrx_word' id='word_1_145' title='bbox 159 1801 272 1839; x_wconf 86' lang='lat' dir='ltr'>solet</span> <span class='ocrx_word' id='word_1_146' title='bbox 303 1802 374 1846; x_wconf 90' lang='grc' dir='ltr'>(Μ</span> <span class='ocrx_word' id='word_1_147' title='bbox 402 1801 486 1846; x_wconf 81' lang='grc'>27).</span> <span class='ocrx_word' id='word_1_148' title='bbox 517 1801 646 1850; x_wconf 88' lang='lat' dir='ltr'>„At&#39;&#39;,</span> <span class='ocrx_word' id='word_1_149' title='bbox 675 1801 857 1849; x_wconf 77' lang='lat' dir='ltr'>dixeris,</span> <span class='ocrx_word' id='word_1_150' title='bbox 889 1800 1145 1849; x_wconf 88' lang='lat' dir='ltr'>„Neptunus</span> <span class='ocrx_word' id='word_1_151' title='bbox 1173 1799 1231 1837; x_wconf 88' lang='lat' dir='ltr'>ibi</span> <span class='ocrx_word' id='word_1_152' title='bbox 1260 1799 1403 1837; x_wconf 88' lang='lat' dir='ltr'>induit</span> <span class='ocrx_word' id='word_1_153' title='bbox 1430 1798 1682 1837; x_wconf 85' lang='lat' dir='ltr'>Calchantis</span> <span class='ocrx_word' id='word_1_154' title='bbox 1699 1798 1804 1847; x_wconf 83' lang='lat' dir='ltr'>figu-</span> 
     </span>
     <span class='ocr_line' id='line_1_21' title="bbox 161 1874 1803 1925; baseline -0.001 -10"><span class='ocrx_word' id='word_1_155' title='bbox 161 1877 301 1915; x_wconf 86' lang='lat' dir='ltr'>ram&#39;’.</span> <span class='ocrx_word' id='word_1_156' title='bbox 334 1877 382 1915; x_wconf 92' lang='lat' dir='ltr'>Id</span> <span class='ocrx_word' id='word_1_157' title='bbox 414 1876 559 1925; x_wconf 87' lang='lat' dir='ltr'>ipsum</span> <span class='ocrx_word' id='word_1_158' title='bbox 592 1877 737 1925; x_wconf 88' lang='lat' dir='ltr'>prodit</span> <span class='ocrx_word' id='word_1_159' title='bbox 769 1875 838 1914; x_wconf 80' lang='grc' dir='ltr'>τὸν</span> <span class='ocrx_word' id='word_1_160' title='bbox 869 1878 1029 1925; x_wconf 81' lang='grc' dir='ltr'><em>φαῦλον</em></span> <span class='ocrx_word' id='word_1_161' title='bbox 1062 1874 1249 1925; x_wconf 72' lang='grc' dir='ltr'>ποιητήν.</span> <span class='ocrx_word' id='word_1_162' title='bbox 1284 1874 1538 1914; x_wconf 87' lang='lat' dir='ltr'>Calchantis</span> <span class='ocrx_word' id='word_1_163' title='bbox 1571 1875 1688 1913; x_wconf 89' lang='lat' dir='ltr'>enim</span> <span class='ocrx_word' id='word_1_164' title='bbox 1717 1885 1803 1913; x_wconf 87' lang='lat' dir='ltr'>non</span> 
     </span>
     <span class='ocr_line' id='line_1_22' title="bbox 162 1951 1804 2001; baseline -0.002 -9"><span class='ocrx_word' id='word_1_165' title='bbox 162 1954 255 1992; x_wconf 88' lang='lat' dir='ltr'>erat</span> <span class='ocrx_word' id='word_1_166' title='bbox 287 1953 442 1992; x_wconf 91' lang='lat' dir='ltr'>heroes</span> <span class='ocrx_word' id='word_1_167' title='bbox 474 1952 628 1991; x_wconf 84' lang='lat' dir='ltr'>baculo</span> <span class='ocrx_word' id='word_1_168' title='bbox 662 1953 715 1991; x_wconf 90' lang='lat' dir='ltr'>ad</span> <span class='ocrx_word' id='word_1_169' title='bbox 747 1952 1032 2001; x_wconf 86' lang='lat' dir='ltr'>pugnandum</span> <span class='ocrx_word' id='word_1_170' title='bbox 1066 1952 1272 2001; x_wconf 86' lang='lat' dir='ltr'>incitare,</span> <span class='ocrx_word' id='word_1_171' title='bbox 1308 1951 1421 1999; x_wconf 86' lang='lat' dir='ltr'>quod</span> <span class='ocrx_word' id='word_1_172' title='bbox 1455 1951 1726 1999; x_wconf 75' lang='lat' dir='ltr'>exspectaris</span> <span class='ocrx_word' id='word_1_173' title='bbox 1753 1951 1804 1989; x_wconf 88' lang='lat' dir='ltr'>de</span> 
     </span>
     <span class='ocr_line' id='line_1_23' title="bbox 161 2009 1803 2078; baseline 0 -13"><span class='ocrx_word' id='word_1_174' title='bbox 161 2028 509 2078; x_wconf 86' lang='lat' dir='ltr'>Agamemnone,</span> <span class='ocrx_word' id='word_1_175' title='bbox 553 2029 604 2067; x_wconf 91' lang='lat' dir='ltr'>de</span> <span class='ocrx_word' id='word_1_176' title='bbox 644 2029 788 2078; x_wconf 78' lang='lat' dir='ltr'>Ulixe,</span> <span class='ocrx_word' id='word_1_177' title='bbox 832 2038 918 2068; x_wconf 91' lang='lat' dir='ltr'>non</span> <span class='ocrx_word' id='word_1_178' title='bbox 961 2029 1013 2067; x_wconf 91' lang='lat' dir='ltr'>de</span> <span class='ocrx_word' id='word_1_179' title='bbox 1047 2009 1162 2067; x_wconf 88' lang='lat' dir='ltr'>vate.</span> <span class='ocrx_word' id='word_1_180' title='bbox 1196 2028 1312 2067; x_wconf 91' lang='lat' dir='ltr'>Deus</span> <span class='ocrx_word' id='word_1_181' title='bbox 1344 2038 1514 2076; x_wconf 84' lang='lat' dir='ltr'>quoque</span> <span class='ocrx_word' id='word_1_182' title='bbox 1547 2038 1627 2066; x_wconf 91' lang='lat' dir='ltr'>sua</span> <span class='ocrx_word' id='word_1_183' title='bbox 1659 2027 1803 2066; x_wconf 87' lang='lat' dir='ltr'>forma</span> 
     </span>
     <span class='ocr_line' id='line_1_24' title="bbox 162 2103 1799 2153; baseline 0.001 -12"><span class='ocrx_word' id='word_1_184' title='bbox 162 2105 339 2142; x_wconf 85' lang='lat' dir='ltr'>servata</span> <span class='ocrx_word' id='word_1_185' title='bbox 369 2104 509 2143; x_wconf 87' lang='lat' dir='ltr'>facere</span> <span class='ocrx_word' id='word_1_186' title='bbox 542 2104 584 2142; x_wconf 89' lang='lat' dir='ltr'>id</span> <span class='ocrx_word' id='word_1_187' title='bbox 610 2104 773 2153; x_wconf 90' lang='lat' dir='ltr'>potuit,</span> <span class='ocrx_word' id='word_1_188' title='bbox 802 2105 850 2142; x_wconf 85' lang='lat' dir='ltr'>ut</span> <span class='ocrx_word' id='word_1_189' title='bbox 876 2104 1045 2142; x_wconf 85' lang='lat' dir='ltr'>faciunt</span> <span class='ocrx_word' id='word_1_190' title='bbox 1072 2103 1212 2153; x_wconf 85' lang='lat' dir='ltr'>Circe,</span> <span class='ocrx_word' id='word_1_191' title='bbox 1241 2104 1439 2142; x_wconf 89' lang='lat' dir='ltr'>Minerva</span> <span class='ocrx_word' id='word_1_192' title='bbox 1466 2106 1501 2148; x_wconf 83' lang='grc' dir='ltr'>(κ</span> <span class='ocrx_word' id='word_1_193' title='bbox 1521 2104 1621 2152; x_wconf 86' lang='grc'>238,</span> <span class='ocrx_word' id='word_1_194' title='bbox 1643 2118 1664 2140; x_wconf 86' lang='lat' dir='ltr'><em>v</em></span> <span class='ocrx_word' id='word_1_195' title='bbox 1682 2104 1799 2148; x_wconf 80' lang='grc'>429).</span> 
     </span>
     <span class='ocr_line' id='line_1_25' title="bbox 164 2179 1798 2229; baseline -0.001 -11"><span class='ocrx_word' id='word_1_196' title='bbox 164 2179 302 2227; x_wconf 79' lang='lat' dir='ltr'>Quare</span> <span class='ocrx_word' id='word_1_197' title='bbox 343 2179 485 2218; x_wconf 89' lang='lat' dir='ltr'>Leafio</span> <span class='ocrx_word' id='word_1_198' title='bbox 523 2180 859 2229; x_wconf 88' lang='lat' dir='ltr'>adstipulamur,</span> <span class='ocrx_word' id='word_1_199' title='bbox 893 2180 967 2227; x_wconf 86' lang='lat' dir='ltr'>qui</span> <span class='ocrx_word' id='word_1_200' title='bbox 999 2180 1143 2218; x_wconf 90' lang='lat' dir='ltr'>totum</span> <span class='ocrx_word' id='word_1_201' title='bbox 1177 2179 1276 2218; x_wconf 88' lang='lat' dir='ltr'>libri</span> <span class='ocrx_word' id='word_1_202' title='bbox 1308 2180 1353 2217; x_wconf 89' lang='lat' dir='ltr'><em>N</em></span> <span class='ocrx_word' id='word_1_203' title='bbox 1381 2179 1557 2218; x_wconf 90' lang='lat' dir='ltr'>initium</span> <span class='ocrx_word' id='word_1_204' title='bbox 1590 2180 1798 2225; x_wconf 81' lang='lat'>(1—125)</span> 
     </span>
     <span class='ocr_line' id='line_1_26' title="bbox 163 2255 1399 2304; baseline 0.002 -12"><span class='ocrx_word' id='word_1_205' title='bbox 163 2255 215 2292; x_wconf 91' lang='lat' dir='ltr'>ab</span> <span class='ocrx_word' id='word_1_206' title='bbox 248 2255 399 2294; x_wconf 88' lang='lat' dir='ltr'>Iliadis</span> <span class='ocrx_word' id='word_1_207' title='bbox 431 2255 533 2294; x_wconf 91' lang='lat' dir='ltr'>stilo</span> <span class='ocrx_word' id='word_1_208' title='bbox 566 2255 833 2304; x_wconf 85' lang='lat' dir='ltr'>simpliciore</span> <span class='ocrx_word' id='word_1_209' title='bbox 864 2255 1058 2294; x_wconf 86' lang='lat' dir='ltr'>alienum</span> <span class='ocrx_word' id='word_1_210' title='bbox 1094 2266 1192 2294; x_wconf 90' lang='lat' dir='ltr'>esse</span> <span class='ocrx_word' id='word_1_211' title='bbox 1226 2255 1399 2294; x_wconf 90' lang='lat' dir='ltr'>statuit.</span> 
     </span>
    </p>

    <p class='ocr_par' dir='ltr' id='par_1_9' title="bbox 158 2330 1799 2533">
     <span class='ocr_line' id='line_1_27' title="bbox 222 2330 1798 2381; baseline 0.001 -12"><span class='ocrx_word' id='word_1_212' title='bbox 222 2330 390 2379; x_wconf 80' lang='lat' dir='ltr'>Quanto</span> <span class='ocrx_word' id='word_1_213' title='bbox 425 2332 584 2370; x_wconf 86' lang='lat' dir='ltr'>melius</span> <span class='ocrx_word' id='word_1_214' title='bbox 616 2332 759 2380; x_wconf 88' lang='lat' dir='ltr'>placet</span> <span class='ocrx_word' id='word_1_215' title='bbox 785 2331 858 2370; x_wconf 89' lang='lat' dir='ltr'>ille</span> <span class='ocrx_word' id='word_1_216' title='bbox 886 2332 1134 2381; x_wconf 89' lang='lat' dir='ltr'>Neptunus,</span> <span class='ocrx_word' id='word_1_217' title='bbox 1163 2332 1235 2379; x_wconf 84' lang='lat' dir='ltr'>qui</span> <span class='ocrx_word' id='word_1_218' title='bbox 1263 2331 1412 2370; x_wconf 89' lang='lat' dir='ltr'>Aiacis</span> <span class='ocrx_word' id='word_1_219' title='bbox 1439 2331 1626 2370; x_wconf 87' lang='lat' dir='ltr'>minoris</span> <span class='ocrx_word' id='word_1_220' title='bbox 1652 2342 1798 2380; x_wconf 88' lang='lat' dir='ltr'>super-</span> 
     </span>
     <span class='ocr_line' id='line_1_28' title="bbox 165 2406 1799 2462; baseline 0.001 -17"><span class='ocrx_word' id='word_1_221' title='bbox 165 2406 281 2445; x_wconf 89' lang='lat' dir='ltr'>biam</span> <span class='ocrx_word' id='word_1_222' title='bbox 314 2407 569 2456; x_wconf 85' lang='lat' dir='ltr'>indignatus</span> <span class='ocrx_word' id='word_1_223' title='bbox 600 2414 646 2462; x_wconf 79' lang='grc' dir='ltr'>τῇ</span> <span class='ocrx_word' id='word_1_224' title='bbox 679 2407 835 2461; x_wconf 80' lang='grc' dir='ltr'><em>τριαίνῃ</em></span> <span class='ocrx_word' id='word_1_225' title='bbox 868 2409 982 2456; x_wconf 90' lang='lat' dir='ltr'>apud</span> <span class='ocrx_word' id='word_1_226' title='bbox 1015 2408 1249 2455; x_wconf 89' lang='lat' dir='ltr'>Myconum</span> <span class='ocrx_word' id='word_1_227' title='bbox 1282 2417 1383 2446; x_wconf 90' lang='lat' dir='ltr'>eum</span> <span class='ocrx_word' id='word_1_228' title='bbox 1410 2407 1616 2456; x_wconf 84' lang='lat' dir='ltr'>perdidit,</span> <span class='ocrx_word' id='word_1_229' title='bbox 1647 2408 1799 2446; x_wconf 89' lang='lat' dir='ltr'>eodem</span> 
     </span>
     <span class='ocr_line' id='line_1_29' title="bbox 158 2483 1679 2533; baseline 0 -12"><span class='ocrx_word' id='word_1_230' title='bbox 158 2483 292 2530; x_wconf 87' lang='lat' dir='ltr'>igitur</span> <span class='ocrx_word' id='word_1_231' title='bbox 323 2483 411 2522; x_wconf 90' lang='lat' dir='ltr'>telo</span> <span class='ocrx_word' id='word_1_232' title='bbox 444 2494 571 2532; x_wconf 88' lang='lat' dir='ltr'>usus,</span> <span class='ocrx_word' id='word_1_233' title='bbox 601 2494 685 2530; x_wconf 84' lang='lat' dir='ltr'>quo</span> <span class='ocrx_word' id='word_1_234' title='bbox 718 2486 950 2532; x_wconf 89' lang='lat' dir='ltr'>superarat</span> <span class='ocrx_word' id='word_1_235' title='bbox 983 2484 1161 2523; x_wconf 83' lang='lat' dir='ltr'>Titanes</span> <span class='ocrx_word' id='word_1_236' title='bbox 1192 2483 1442 2531; x_wconf 89' lang='lat' dir='ltr'>([Apollod.]</span> <span class='ocrx_word' id='word_1_237' title='bbox 1477 2483 1516 2533; x_wconf 91' lang='grc' dir='ltr'>Ι,</span> <span class='ocrx_word' id='word_1_238' title='bbox 1548 2485 1591 2533; x_wconf 85' lang='grc'>2,</span> <span class='ocrx_word' id='word_1_239' title='bbox 1628 2485 1679 2528; x_wconf 86' lang='grc'>1).</span> 
     </span>
    </p>

    <p class='ocr_par' dir='ltr' id='par_1_10' title="bbox 162 2559 1802 2836">
     <span class='ocr_line' id='line_1_30' title="bbox 221 2559 1799 2608; baseline 0 -11"><span class='ocrx_word' id='word_1_240' title='bbox 221 2559 352 2599; x_wconf 86' lang='lat' dir='ltr'>Initio</span> <span class='ocrx_word' id='word_1_241' title='bbox 393 2560 526 2608; x_wconf 86' lang='lat' dir='ltr'>igitur</span> <span class='ocrx_word' id='word_1_242' title='bbox 569 2559 668 2598; x_wconf 89' lang='lat' dir='ltr'>libri</span> <span class='ocrx_word' id='word_1_243' title='bbox 709 2559 754 2596; x_wconf 94' lang='lat' dir='ltr'><strong><em>N</em></strong></span> <span class='ocrx_word' id='word_1_244' title='bbox 793 2561 977 2608; x_wconf 78' lang='lat' dir='ltr'>excepto</span> <span class='ocrx_word' id='word_1_245' title='bbox 1020 2559 1141 2598; x_wconf 88' lang='lat' dir='ltr'>locus</span> <span class='ocrx_word' id='word_1_246' title='bbox 1183 2560 1322 2600; x_wconf 85' lang='lat' dir='ltr'>restat</span> <span class='ocrx_word' id='word_1_247' title='bbox 1364 2559 1530 2608; x_wconf 85' lang='lat' dir='ltr'>nullus,</span> <span class='ocrx_word' id='word_1_248' title='bbox 1571 2559 1644 2597; x_wconf 92' lang='lat' dir='ltr'>ubi</span> <span class='ocrx_word' id='word_1_249' title='bbox 1675 2559 1799 2598; x_wconf 89' lang='lat' dir='ltr'>Aiaci</span> 
     </span>
     <span class='ocr_line' id='line_1_31' title="bbox 162 2634 1802 2684; baseline -0.001 -10"><span class='ocrx_word' id='word_1_250' title='bbox 162 2635 378 2683; x_wconf 89' lang='lat' dir='ltr'>proelium</span> <span class='ocrx_word' id='word_1_251' title='bbox 416 2635 485 2674; x_wconf 89' lang='lat' dir='ltr'>vei</span> <span class='ocrx_word' id='word_1_252' title='bbox 517 2635 687 2674; x_wconf 84' lang='lat' dir='ltr'>ineunti</span> <span class='ocrx_word' id='word_1_253' title='bbox 719 2635 789 2673; x_wconf 90' lang='lat' dir='ltr'>vel</span> <span class='ocrx_word' id='word_1_254' title='bbox 822 2635 1004 2674; x_wconf 84' lang='lat' dir='ltr'>exeunti</span> <span class='ocrx_word' id='word_1_255' title='bbox 1036 2635 1237 2674; x_wconf 88' lang='lat' dir='ltr'>divinum</span> <span class='ocrx_word' id='word_1_256' title='bbox 1270 2634 1532 2684; x_wconf 89' lang='lat' dir='ltr'>praebeatur</span> <span class='ocrx_word' id='word_1_257' title='bbox 1565 2634 1802 2683; x_wconf 78' lang='lat' dir='ltr'>auxilium,</span> 
     </span>
     <span class='ocr_line' id='line_1_32' title="bbox 164 2711 1798 2760; baseline 0.001 -13"><span class='ocrx_word' id='word_1_258' title='bbox 164 2719 268 2749; x_wconf 89' lang='lat' dir='ltr'>nam</span> <span class='ocrx_word' id='word_1_259' title='bbox 309 2711 412 2750; x_wconf 90' lang='lat' dir='ltr'>licet</span> <span class='ocrx_word' id='word_1_260' title='bbox 455 2711 601 2759; x_wconf 89' lang='lat' dir='ltr'>aquila</span> <span class='ocrx_word' id='word_1_261' title='bbox 643 2711 759 2749; x_wconf 89' lang='lat' dir='ltr'>adsit</span> <span class='ocrx_word' id='word_1_262' title='bbox 800 2711 941 2760; x_wconf 86' lang='lat' dir='ltr'>Aiaci,</span> <span class='ocrx_word' id='word_1_263' title='bbox 985 2711 1058 2749; x_wconf 91' lang='lat' dir='ltr'>ubi</span> <span class='ocrx_word' id='word_1_264' title='bbox 1099 2711 1279 2750; x_wconf 85' lang='lat' dir='ltr'>Hectori</span> <span class='ocrx_word' id='word_1_265' title='bbox 1321 2712 1566 2749; x_wconf 88' lang='lat' dir='ltr'>instantem</span> <span class='ocrx_word' id='word_1_266' title='bbox 1609 2712 1798 2749; x_wconf 88' lang='lat' dir='ltr'>mortem</span> 
     </span>
     <span class='ocr_line' id='line_1_33' title="bbox 167 2786 1413 2836; baseline 0.002 -12"><span class='ocrx_word' id='word_1_267' title='bbox 167 2786 408 2836; x_wconf 83' lang='lat' dir='ltr'>praedicat,</span> <span class='ocrx_word' id='word_1_268' title='bbox 442 2797 616 2826; x_wconf 91' lang='lat' dir='ltr'>merum</span> <span class='ocrx_word' id='word_1_269' title='bbox 648 2787 786 2825; x_wconf 82' lang='lat' dir='ltr'>fuisse</span> <span class='ocrx_word' id='word_1_270' title='bbox 820 2796 949 2825; x_wconf 88' lang='lat' dir='ltr'>omen</span> <span class='ocrx_word' id='word_1_271' title='bbox 981 2788 1204 2825; x_wconf 83' lang='lat' dir='ltr'>testantur</span> <span class='ocrx_word' id='word_1_272' title='bbox 1235 2797 1413 2826; x_wconf 82' lang='lat' dir='ltr'>versus:</span> 
     </span>
    </p>

    <p class='ocr_par' dir='ltr' id='par_1_11' title="bbox 463 2857 1487 3067">
     <span class='ocr_line' id='line_1_34' title="bbox 464 2857 1487 2913; baseline -0.002 -12"><span class='ocrx_word' id='word_1_273' title='bbox 464 2857 517 2909; x_wconf 76' lang='grc' dir='ltr'>ὦς</span> <span class='ocrx_word' id='word_1_274' title='bbox 548 2860 625 2913; x_wconf 75' lang='grc' dir='ltr'>ἄρα</span> <span class='ocrx_word' id='word_1_275' title='bbox 657 2863 727 2900; x_wconf 67' lang='lat' dir='ltr'>fot</span> <span class='ocrx_word' id='word_1_276' title='bbox 758 2861 944 2900; x_wconf 67' lang='lat' dir='ltr'>fandvn</span> <span class='ocrx_word' id='word_1_277' title='bbox 975 2860 1167 2901; x_wconf 77' lang='grc' dir='ltr'><em>ἐπέπτατο</em></span> <span class='ocrx_word' id='word_1_278' title='bbox 1202 2861 1328 2909; x_wconf 79' lang='grc' dir='ltr'><em>δεξιὸς</em></span> <span class='ocrx_word' id='word_1_279' title='bbox 1360 2860 1487 2913; x_wconf 77' lang='grc' dir='ltr'><em>ὄρνις,</em></span> 
     </span>
     <span class='ocr_line' id='line_1_35' title="bbox 464 2934 1459 2989; baseline 0 -14"><span class='ocrx_word' id='word_1_280' title='bbox 464 2937 591 2984; x_wconf 81' lang='grc' dir='ltr'><em>αἰετὸς</em></span> <span class='ocrx_word' id='word_1_281' title='bbox 623 2935 833 2988; x_wconf 79' lang='grc' dir='ltr'><em>ὑψιπέτης·</em></span> <span class='ocrx_word' id='word_1_282' title='bbox 865 2936 960 2984; x_wconf 84' lang='grc' dir='ltr'><em>λαὸς</em></span> <span class='ocrx_word' id='word_1_283' title='bbox 992 2934 1028 2976; x_wconf 81' lang='grc' dir='ltr'>δ’</span> <span class='ocrx_word' id='word_1_284' title='bbox 1049 2934 1258 2989; x_wconf 53' lang='grc' dir='ltr'>ἕπεΔ-’ίᾶῑαῇ</span> <span class='ocrx_word' id='word_1_285' title='bbox 1295 2940 1459 2988; x_wconf 78' lang='grc' dir='ltr'><em>Ἀχαιῶν</em></span> 
     </span>
     <span class='ocr_line' id='line_1_36' title="bbox 463 3013 1204 3067; baseline 0.003 -16"><span class='ocrx_word' id='word_1_286' title='bbox 463 3013 674 3065; x_wconf 77' lang='grc' dir='ltr'><em>θάρσυνος</em></span> <span class='ocrx_word' id='word_1_287' title='bbox 707 3013 838 3067; x_wconf 82' lang='grc' dir='ltr'><em>οἰωνῷ</em></span> <span class='ocrx_word' id='word_1_288' title='bbox 872 3015 932 3059; x_wconf 91' lang='grc' dir='ltr'>(Ν</span> <span class='ocrx_word' id='word_1_289' title='bbox 961 3014 1044 3052; x_wconf 80' lang='grc'>821</span> <span class='ocrx_word' id='word_1_290' title='bbox 1081 3020 1204 3061; x_wconf 56' lang='lat' dir='ltr'>sqq).</span> 
     </span>
    </p>
   </div>
  </div>
 </body>
</html>
