2141 3487
829 306 882 333 DE
914 305 1060 332 A1AcE.
1679 292 1756 328 121

130 424 223 463 Non
270 422 408 462 semel
455 421 524 460 vel
565 421 632 459 bis
675 420 743 459 vel
785 421 851 458 ter
882 419 1035 458 Graeci
1068 429 1090 458 e
1122 418 1267 467 patria
1299 418 1590 466 emigrarunt,
1626 425 1764 463 neque

131 509 205 548 per
238 508 373 537 unum
408 497 535 536 modo
578 495 802 535 saeculum
841 495 949 534 talia
980 497 1083 533 sunt
1117 494 1276 533 conati.
1310 494 1452 531 Immo
1484 492 1658 539 saepius
1691 501 1765 538 per

130 575 214 614 duo
247 574 315 613 vel
347 574 431 612 tria
463 572 639 611 saecula
672 573 842 610 veteres
877 571 1081 610 Graeciae
1114 570 1280 609 incolae
1309 580 1334 608 a
1361 569 1488 607 novis
1514 566 1766 606 hominibus

131 660 153 688 e
185 649 361 689 sedibus
393 650 486 688 suis
519 648 686 687 detrusi
719 649 842 686 trans
875 657 996 685 mare
1029 656 1188 685 novam
1224 645 1537 693 quaesiverunt
1563 642 1766 692 patriam,

130 725 267 764 donec
307 724 534 763 duodecim
578 724 784 771 antiquas
815 723 916 761 illas
949 722 1078 761 urbes
1111 721 1314 761 Aeolicas
1347 719 1628 759 volventibus
1661 720 1765 756 tem·

129 800 306 849 poribus
353 799 662 839 condidissent.
710 799 908 847 „Eduard
951 798 1095 846 Meyer
1136 798 1244 836 wies
1286 796 1397 835 nach
1430 795 1533 834 dass
1567 794 1634 832 die
1667 793 1765 831 aoli-

129 877 261 915 schen
303 875 517 915 Kolonien
559 875 602 913 in
645 875 720 913 der
751 875 888 913 Troas
920 874 1044 912 nicht
1079 873 1194 912 wohl
1228 872 1339 911 alter
1372 871 1465 910 sein
1498 870 1668 908 konnen
1703 868 1768 906 als

129 952 207 990 das
239 951 319 989 VII
350 951 451 989 oder
485 950 587 988 VIII
618 950 940 997 Jahrhundert;
984 950 1174 998 gehoren
1207 949 1270 987 sie
1303 948 1412 986 doch
1445 947 1568 985 nicht
1600 956 1652 984 zu
1686 945 1767 982 den

127 1028 244 1067 alten
289 1027 511 1066 aolischen
554 1026 915 1075 Zwolfstadten”,
960 1028 1022 1064 ita
1068 1026 1220 1064 Ericus
1262 1025 1400 1064 Bethe
1452 1024 1630 1068 (Homer
1679 1021 1767 1059 und

127 1103 196 1142 die
252 1103 530 1150 Heldensage
577 1113 616 1150 p.
661 1104 717 1146 6).
776 1102 873 1140 Sint
928 1102 1064 1150 igitur
1116 1102 1317 1140 conditae
1365 1100 1538 1139 saeculo
1590 1100 1766 1144 octavo,

129 1182 175 1218 at
201 1181 301 1228 post
330 1179 476 1217 varias
503 1178 823 1227 expeditioneS‚
845 1187 954 1225 quae
983 1177 1117 1216 variis
1143 1177 1418 1226 temporibus
1441 1175 1619 1214 habitae
1651 1175 1767 1212 ante-

130 1258 290 1303 ierant,
324 1265 510 1302 quarum
544 1264 632 1292 una
664 1253 733 1292 vel
766 1253 908 1292 altera
939 1253 1128 1291 fortasse
1155 1253 1342 1291 navibus
1369 1252 1413 1290 in
1445 1251 1599 1290 Asia-m
1627 1251 1767 1288 trans-

132 1331 269 1378 misit,
339 1340 436 1368 cum
492 1331 662 1368 ceterae
720 1329 950 1367 usitatiore
1008 1329 1079 1366 via
1134 1338 1210 1377 per
1266 1328 1496 1366 Thraciam
1553 1326 1764 1365 orientem

129 1406 380 1454 petiverint.
429 1405 576 1452 Neque
625 1404 913 1443 dubitandum
961 1406 1028 1443 est
1068 1404 1119 1442 de
1167 1403 1324 1442 itinere
1376 1402 1489 1450 quod
1531 1401 1766 1449 elegerint;

127 1481 323 1519 servavit
366 1481 484 1519 enim
528 1479 681 1518 Strabo
723 1480 818 1518 viae
850 1480 1078 1518 notitiam:
1121 1479 1388 1518 transmisso
1416 1478 1629 1526 Bosporo,
1665 1475 1766 1513 Das-

128 1556 294 1605 cylium
327 1559 369 1596 et
402 1556 610 1605 Cyzicum
642 1556 981 1605 praeterierunt,
1017 1556 1251 1595 Granicum
1284 1555 1448 1594 flumen
1474 1552 1765 1600 transierunt,

127 1632 191 1671 sic
239 1634 455 1671 venerunt
502 1632 544 1670 in
593 1632 806 1670 Troadem
855 1632 953 1670 inde
1001 1631 1190 1671 Lesbum
1240 1633 1369 1678 atque
1417 1631 1459 1669 in
1503 1639 1623 1668 oram
1665 1627 1768 1666 huic

126 1708 296 1748 insulae
328 1708 590 1757 oppositam.
624 1707 811 1746 Graecos
842 1708 979 1755 igitur
1006 1707 1201 1756 colonOS,
1234 1709 1342 1755 puta
1377 1707 1633 1753 Locrenses,
1676 1704 1764 1741 iam

127 1787 229 1824 ante
271 1785 511 1832 septimum
554 1784 623 1823 vel
665 1786 873 1823 octavum
911 1784 1137 1822 saeculum
1170 1785 1213 1822 in
1247 1783 1460 1822 Troadem
1494 1781 1765 1831 pervenisse,

126 1861 278 1900 Troiae
305 1862 349 1900 in
377 1861 485 1899 colle
515 1860 786 1909 consedisse,
818 1861 1008 1908 vestigia
1035 1871 1116 1899 sua
1142 1860 1200 1898 ibi
1226 1859 1475 1907 reliquisse,
1497 1858 1597 1906 quid
1617 1856 1767 1895 vetat?

128 1936 287 1975 Narrat
329 1937 481 1975 Strabo
525 1936 830 1985 expeditiones
871 1937 1024 1975 statim
1068 1938 1167 1984 post
1200 1935 1361 1974 bellum
1402 1934 1623 1973 troianum
1656 1932 1766 1970 ince-

130 2012 262 2060 pisse.
307 2011 462 2060 Quidni
506 2012 606 2050 inde
649 2011 758 2050 effici
800 2011 948 2060 liceat,
991 2011 1252 2059 populorum
1295 2019 1550 2058 graecorum
1584 2008 1766 2056 emigra-

129 2088 272 2127 tiones
313 2089 357 2126 in
399 2088 551 2126 Asiam
594 2089 682 2126 iam
725 2090 831 2126 tunc
871 2088 1084 2136 temporis
1126 2087 1361 2135 incepisse,
1396 2096 1495 2125 cum
1530 2081 1697 2122 Βοιωτοὶ
1730 2081 1767 2129 ἐξ

122 2161 266 2213 ’Ἀρνης
299 2162 538 2209 ἀναστάντες
571 2161 651 2201 ὑπὸ
688 2164 898 2201 Θεσσαλῶν
932 2161 1005 2211 τὴν
1038 2167 1114 2200 νῦν
1149 2162 1344 2200 Βοιωτίαν
1377 2162 1570 2214 ᾤκησανὶ)

189 2239 473 2279 Locrensium
513 2240 649 2278 ritum
694 2239 744 2277 de
787 2238 1031 2286 virginibus
1073 2238 1247 2277 Troiam
1281 2237 1512 2276 mittendis
1545 2237 1633 2275 iam
1667 2237 1768 2274 ante

130 2325 295 2353 annum
345 2315 466 2354 7OO¹1¹
507 2315 704 2362 viguisse
752 2315 903 2362 negari
945 2324 1030 2352 non
1072 2316 1241 2362 potest;
1286 2313 1399 2351 unde
1441 2313 1638 2360 sequitur
1679 2311 1767 2349 iam

126 2390 247 2439 prius
275 2390 462 2429 Graecos
489 2390 731 2428 Minervam
760 2390 950 2428 colentes
977 2391 1021 2428 in
1050 2390 1202 2428 Troiae
1231 2389 1340 2428 colle
1364 2389 1629 2428 consedisse.
1650 2387 1768 2436 Quod

126 2465 293 2505 factum
351 2476 376 2504 a
422 2465 669 2514 Dorpfeldio
719 2465 959 2503 verisimile
1007 2464 1206 2503 habitum
1255 2464 1440 2502 minime
1488 2463 1768 2512 perturbatur

126 2541 308 2579 historia
340 2540 606 2579 Graecorum
641 2540 895 2579 colonorum
929 2540 972 2578 in
1005 2541 1159 2579 Asiam
1193 2540 1524 2588 emigrantium.

187 2617 338 2655 Ritum
386 2617 519 2664 igitur
567 2616 619 2654 de
665 2626 748 2663 quo
792 2616 964 2664 agimus
1007 2639 1059 2643 —
1103 2617 1205 2663 quid
1249 2616 1365 2654 enim
1408 2616 1524 2653 inter
1556 2616 1623 2653 tot
1655 2613 1770 2652 seria

127 2695 373 2743 μυθολογεῖν
425 2693 578 2731 vetat?
616 2714 664 2719 —
699 2692 762 2730 sic
794 2691 918 2730 nobis
942 2693 1248 2740 proponimus:
1284 2691 1506 2730 colebatur
1539 2689 1768 2737 aliquando

125 2768 241 2806 inter
299 2768 494 2807 Locridis
551 2767 718 2806 incolas
766 2767 933 2815 priscos
980 2744 1060 2806 dea]
1108 2768 1307 2806 omnium
1355 2778 1502 2806 rerum
1551 2766 1769 2805 fertilitati

128 2844 415 2892 prospiciens,
477 2845 546 2882 cui
602 2845 697 2891 agri
729 2843 938 2881 mulieres
991 2854 1124 2892 pecus
1171 2844 1215 2882 in
1263 2843 1405 2882 tutela
1451 2844 1590 2881 erant.
1638 2842 1770 2879 quta

128 2929 228 2958 eam
271 2919 476 2957 exstabat
518 2919 703 2957 daemon
745 2918 979 2956 masculini
1024 2920 1198 2967 generis
1244 2919 1338 2967 ipsa
1386 2929 1408 2956 e
1456 2924 1574 2956 terra
1620 2918 1767 2965 natus,

127 2994 315 3044 gigantis
357 2997 564 3033 naturam
607 2996 738 3043 atque
780 2993 971 3032 indolem
1012 2994 1225 3046 referens,
1264 2994 1389 3034 ferox
1423 2997 1465 3033 et
1498 2993 1654 3036 audax,
1688 2991 1770 3032 Hic
