<?xml version="1.0" encoding="UTF-8"?>
<!DOCTYPE html PUBLIC "-//W3C//DTD XHTML 1.0 Transitional//EN"
    "http://www.w3.org/TR/xhtml1/DTD/xhtml1-transitional.dtd">
<html xmlns="http://www.w3.org/1999/xhtml" xml:lang="en" lang="en">
 <head>
  <title>
</title>
<meta http-equiv="Content-Type" content="text/html;charset=utf-8" />
  <meta name='ocr-system' content='tesseract 3.04.00' />
  <meta name='ocr-capabilities' content='ocr_page ocr_carea ocr_par ocr_line ocrx_word'/>
</head>
<body>
  <div class='ocr_page' id='page_1' title='image "./deaiacisoriginec00vr_0074.png"; bbox 0 0 2200 3487; ppageno 0'>
   <div class='ocr_carea' id='block_1_1' title="bbox 443 349 1363 388">
    <p class='ocr_par' dir='ltr' id='par_1_1' title="bbox 443 349 1363 388">
     <span class='ocr_line' id='line_1_1' title="bbox 443 349 1363 388; baseline -0.004 0"><span class='ocrx_word' id='word_1_1' title='bbox 443 349 495 388; x_wconf 75' lang='lat'>62</span> <span class='ocrx_word' id='word_1_2' title='bbox 1135 359 1186 386; x_wconf 76' lang='lat' dir='ltr'>DE</span> <span class='ocrx_word' id='word_1_3' title='bbox 1220 358 1363 386; x_wconf 63' lang='lat' dir='ltr'>Amori.</span> 
     </span>
    </p>
   </div>
   <div class='ocr_carea' id='block_1_2' title="bbox 435 470 2067 3083">
    <p class='ocr_par' dir='ltr' id='par_1_2' title="bbox 438 470 2066 1954">
     <span class='ocr_line' id='line_1_2' title="bbox 502 470 2059 519; baseline -0.004 -5"><span class='ocrx_word' id='word_1_4' title='bbox 502 475 703 514; x_wconf 81' lang='lat' dir='ltr'>Libenter</span> <span class='ocrx_word' id='word_1_5' title='bbox 741 475 893 513; x_wconf 84' lang='lat' dir='ltr'>Bethio</span> <span class='ocrx_word' id='word_1_6' title='bbox 942 476 1116 512; x_wconf 79' lang='lat' dir='ltr'>auctore</span> <span class='ocrx_word' id='word_1_7' title='bbox 1164 473 1243 510; x_wconf 88' lang='lat' dir='ltr'>hoc</span> <span class='ocrx_word' id='word_1_8' title='bbox 1289 472 1524 519; x_wconf 82' lang='lat' dir='ltr'>faciemus;</span> <span class='ocrx_word' id='word_1_9' title='bbox 1568 482 1653 510; x_wconf 92' lang='lat' dir='ltr'>non</span> <span class='ocrx_word' id='word_1_10' title='bbox 1695 474 1844 510; x_wconf 88' lang='lat' dir='ltr'>tamen</span> <span class='ocrx_word' id='word_1_11' title='bbox 1882 470 1930 508; x_wconf 88' lang='lat' dir='ltr'>ut</span> <span class='ocrx_word' id='word_1_12' title='bbox 1962 478 2059 507; x_wconf 90' lang='lat' dir='ltr'>cum</span> 
     </span>
     <span class='ocr_line' id='line_1_3' title="bbox 452 544 2063 594; baseline -0.004 -5"><span class='ocrx_word' id='word_1_13' title='bbox 452 551 603 589; x_wconf 85' lang='lat' dir='ltr'>Bethio</span> <span class='ocrx_word' id='word_1_14' title='bbox 650 550 747 588; x_wconf 87' lang='lat' dir='ltr'>inde</span> <span class='ocrx_word' id='word_1_15' title='bbox 795 548 1037 587; x_wconf 85' lang='lat' dir='ltr'>efficiamus</span> <span class='ocrx_word' id='word_1_16' title='bbox 1085 548 1350 585; x_wconf 80' lang='lat' dir='ltr'>Teucrorum</span> <span class='ocrx_word' id='word_1_17' title='bbox 1398 556 1556 584; x_wconf 88' lang='lat' dir='ltr'>nomen</span> <span class='ocrx_word' id='word_1_18' title='bbox 1604 546 1668 584; x_wconf 89' lang='lat' dir='ltr'>vel</span> <span class='ocrx_word' id='word_1_19' title='bbox 1720 546 1863 594; x_wconf 89' lang='lat' dir='ltr'>ipsum</span> <span class='ocrx_word' id='word_1_20' title='bbox 1912 544 2063 582; x_wconf 81' lang='lat' dir='ltr'>Troiae</span> 
     </span>
     <span class='ocr_line' id='line_1_4' title="bbox 442 620 2062 670; baseline -0.004 -7"><span class='ocrx_word' id='word_1_21' title='bbox 442 635 599 663; x_wconf 90' lang='lat' dir='ltr'>nomen</span> <span class='ocrx_word' id='word_1_22' title='bbox 643 635 696 663; x_wconf 78' lang='lat' dir='ltr'>ex</span> <span class='ocrx_word' id='word_1_23' title='bbox 738 625 882 662; x_wconf 85' lang='lat' dir='ltr'>Attica</span> <span class='ocrx_word' id='word_1_24' title='bbox 928 634 952 661; x_wconf 86' lang='lat' dir='ltr'>a</span> <span class='ocrx_word' id='word_1_25' title='bbox 993 622 1131 670; x_wconf 83' lang='lat' dir='ltr'>poetis</span> <span class='ocrx_word' id='word_1_26' title='bbox 1164 622 1300 660; x_wconf 85' lang='lat' dir='ltr'>fuisse</span> <span class='ocrx_word' id='word_1_27' title='bbox 1334 621 1640 669; x_wconf 87' lang='lat' dir='ltr'>depromptum</span> <span class='ocrx_word' id='word_1_28' title='bbox 1675 623 1801 668; x_wconf 82' lang='lat' dir='ltr'>atque</span> <span class='ocrx_word' id='word_1_29' title='bbox 1834 621 1876 658; x_wconf 84' lang='lat' dir='ltr'>in</span> <span class='ocrx_word' id='word_1_30' title='bbox 1912 620 2062 657; x_wconf 81' lang='lat' dir='ltr'><strong>Asiam</strong></span> 
     </span>
     <span class='ocr_line' id='line_1_5' title="bbox 441 694 2062 748; baseline -0.004 -9"><span class='ocrx_word' id='word_1_31' title='bbox 441 702 492 738; x_wconf 87' lang='lat' dir='ltr'>ad</span> <span class='ocrx_word' id='word_1_32' title='bbox 535 701 703 748; x_wconf 90' lang='lat' dir='ltr'>epicum</span> <span class='ocrx_word' id='word_1_33' title='bbox 747 709 922 737; x_wconf 86' lang='lat' dir='ltr'>carmen</span> <span class='ocrx_word' id='word_1_34' title='bbox 962 697 1238 745; x_wconf 82' lang='lat' dir='ltr'>pangendum</span> <span class='ocrx_word' id='word_1_35' title='bbox 1271 696 1538 735; x_wconf 89' lang='lat' dir='ltr'>translatum</span> <span class='ocrx_word' id='word_1_36' title='bbox 1574 698 1620 735; x_wconf 90' lang='lat' dir='ltr'>ut</span> <span class='ocrx_word' id='word_1_37' title='bbox 1651 697 1834 735; x_wconf 85' lang='lat' dir='ltr'>aliarum</span> <span class='ocrx_word' id='word_1_38' title='bbox 1867 694 2062 743; x_wconf 88' lang='lat' dir='ltr'>gentium</span> 
     </span>
     <span class='ocr_line' id='line_1_6' title="bbox 439 771 2064 822; baseline -0.004 -8"><span class='ocrx_word' id='word_1_39' title='bbox 439 775 709 822; x_wconf 81' lang='lat' dir='ltr'>aliorumque</span> <span class='ocrx_word' id='word_1_40' title='bbox 757 775 936 812; x_wconf 87' lang='lat' dir='ltr'>heroum</span> <span class='ocrx_word' id='word_1_41' title='bbox 986 773 1114 811; x_wconf 82' lang='lat' dir='ltr'>rebus</span> <span class='ocrx_word' id='word_1_42' title='bbox 1162 772 1300 820; x_wconf 89' lang='lat' dir='ltr'>gestis</span> <span class='ocrx_word' id='word_1_43' title='bbox 1346 773 1587 810; x_wconf 87' lang='lat' dir='ltr'>ornaretur.</span> <span class='ocrx_word' id='word_1_44' title='bbox 1642 772 1735 810; x_wconf 92' lang='lat' dir='ltr'>Non</span> <span class='ocrx_word' id='word_1_45' title='bbox 1782 771 1892 819; x_wconf 89' lang='lat' dir='ltr'>quod</span> <span class='ocrx_word' id='word_1_46' title='bbox 1940 779 2064 818; x_wconf 87' lang='lat' dir='ltr'>nege-</span> 
     </span>
     <span class='ocr_line' id='line_1_7' title="bbox 441 845 2064 895; baseline -0.003 -7"><span class='ocrx_word' id='word_1_47' title='bbox 441 861 539 888; x_wconf 89' lang='lat' dir='ltr'>mus</span> <span class='ocrx_word' id='word_1_48' title='bbox 568 850 655 888; x_wconf 86' lang='lat' dir='ltr'>ulla</span> <span class='ocrx_word' id='word_1_49' title='bbox 683 850 862 888; x_wconf 89' lang='lat' dir='ltr'>heroum</span> <span class='ocrx_word' id='word_1_50' title='bbox 892 847 956 886; x_wconf 88' lang='lat' dir='ltr'>vel</span> <span class='ocrx_word' id='word_1_51' title='bbox 976 848 1172 895; x_wconf 87' lang='lat' dir='ltr'>gentium</span> <span class='ocrx_word' id='word_1_52' title='bbox 1192 847 1434 885; x_wconf 87' lang='lat' dir='ltr'>certamina</span> <span class='ocrx_word' id='word_1_53' title='bbox 1450 848 1492 885; x_wconf 91' lang='lat' dir='ltr'>in</span> <span class='ocrx_word' id='word_1_54' title='bbox 1513 847 1692 886; x_wconf 80' lang='lat' dir='ltr'>Graecia</span> <span class='ocrx_word' id='word_1_55' title='bbox 1708 849 1884 895; x_wconf 84' lang='lat' dir='ltr'>peracta</span> <span class='ocrx_word' id='word_1_56' title='bbox 1916 845 2064 884; x_wconf 83' lang='lat' dir='ltr'>Iliadis</span> 
     </span>
     <span class='ocr_line' id='line_1_8' title="bbox 440 921 2063 970; baseline -0.003 -7"><span class='ocrx_word' id='word_1_57' title='bbox 440 926 482 962; x_wconf 88' lang='lat' dir='ltr'>in</span> <span class='ocrx_word' id='word_1_58' title='bbox 531 926 785 963; x_wconf 76' lang='lat' dir='ltr'>contextum</span> <span class='ocrx_word' id='word_1_59' title='bbox 835 923 1111 962; x_wconf 78' lang='lat' dir='ltr'>volventibus</span> <span class='ocrx_word' id='word_1_60' title='bbox 1154 923 1280 960; x_wconf 89' lang='lat' dir='ltr'>annis</span> <span class='ocrx_word' id='word_1_61' title='bbox 1319 933 1414 961; x_wconf 88' lang='lat' dir='ltr'>esse</span> <span class='ocrx_word' id='word_1_62' title='bbox 1451 923 1629 961; x_wconf 80' lang='lat' dir='ltr'>inserta.</span> <span class='ocrx_word' id='word_1_63' title='bbox 1675 922 1848 970; x_wconf 90' lang='lat' dir='ltr'>Optimo</span> <span class='ocrx_word' id='word_1_64' title='bbox 1880 922 1990 970; x_wconf 87' lang='lat' dir='ltr'>iure,</span> <span class='ocrx_word' id='word_1_65' title='bbox 2026 921 2063 959; x_wconf 88' lang='lat' dir='ltr'>si</span> 
     </span>
     <span class='ocr_line' id='line_1_9' title="bbox 441 997 2066 1048; baseline -0.002 -10"><span class='ocrx_word' id='word_1_66' title='bbox 441 1001 540 1048; x_wconf 87' lang='lat' dir='ltr'>quid</span> <span class='ocrx_word' id='word_1_67' title='bbox 574 1001 791 1047; x_wconf 85' lang='lat' dir='ltr'>videmus,</span> <span class='ocrx_word' id='word_1_68' title='bbox 819 1000 933 1037; x_wconf 86' lang='lat' dir='ltr'>inter</span> <span class='ocrx_word' id='word_1_69' title='bbox 966 999 1052 1037; x_wconf 89' lang='lat' dir='ltr'>alia</span> <span class='ocrx_word' id='word_1_70' title='bbox 1084 999 1149 1036; x_wconf 84' lang='lat' dir='ltr'>vir</span> <span class='ocrx_word' id='word_1_71' title='bbox 1178 999 1497 1046; x_wconf 82' lang='lat' dir='ltr'>sagacissimus</span> <span class='ocrx_word' id='word_1_72' title='bbox 1525 999 1754 1037; x_wconf 84' lang='lat' dir='ltr'>constituit</span> <span class='ocrx_word' id='word_1_73' title='bbox 1772 999 1898 1037; x_wconf 87' lang='lat' dir='ltr'>haec:</span> <span class='ocrx_word' id='word_1_74' title='bbox 1937 997 2066 1046; x_wconf 86' lang='lat' dir='ltr'>„weit</span> 
     </span>
     <span class='ocr_line' id='line_1_10' title="bbox 441 1072 2063 1124; baseline -0.002 -10"><span class='ocrx_word' id='word_1_75' title='bbox 441 1078 667 1124; x_wconf 86' lang='lat' dir='ltr'>getrennte</span> <span class='ocrx_word' id='word_1_76' title='bbox 709 1074 994 1122; x_wconf 84' lang='lat' dir='ltr'>Einzelsagen</span> <span class='ocrx_word' id='word_1_77' title='bbox 1037 1085 1121 1113; x_wconf 90' lang='lat' dir='ltr'>von</span> <span class='ocrx_word' id='word_1_78' title='bbox 1165 1075 1245 1112; x_wconf 91' lang='lat' dir='ltr'>den</span> <span class='ocrx_word' id='word_1_79' title='bbox 1275 1074 1650 1122; x_wconf 79' lang='lat' dir='ltr'>Heldenkampfen</span> <span class='ocrx_word' id='word_1_80' title='bbox 1682 1074 1743 1112; x_wconf 88' lang='lat' dir='ltr'>im</span> <span class='ocrx_word' id='word_1_81' title='bbox 1776 1072 2063 1112; x_wconf 86' lang='lat' dir='ltr'>Mutterlande</span> 
     </span>
     <span class='ocr_line' id='line_1_11' title="bbox 440 1149 2062 1198; baseline -0.001 -9"><span class='ocrx_word' id='word_1_82' title='bbox 440 1151 701 1190; x_wconf 85' lang='lat' dir='ltr'>entstanden</span> <span class='ocrx_word' id='word_1_83' title='bbox 732 1150 816 1188; x_wconf 90' lang='lat' dir='ltr'>und</span> <span class='ocrx_word' id='word_1_84' title='bbox 844 1150 886 1187; x_wconf 89' lang='lat' dir='ltr'>in</span> <span class='ocrx_word' id='word_1_85' title='bbox 914 1150 994 1188; x_wconf 89' lang='lat' dir='ltr'>den</span> <span class='ocrx_word' id='word_1_86' title='bbox 1023 1150 1311 1198; x_wconf 80' lang='lat' dir='ltr'>Grundzugen</span> <span class='ocrx_word' id='word_1_87' title='bbox 1341 1150 1499 1188; x_wconf 86' lang='lat' dir='ltr'>bereits</span> <span class='ocrx_word' id='word_1_88' title='bbox 1531 1150 1615 1188; x_wconf 81' lang='lat' dir='ltr'>sest</span> <span class='ocrx_word' id='word_1_89' title='bbox 1636 1150 1839 1198; x_wconf 84' lang='lat' dir='ltr'>gesormt‚</span> <span class='ocrx_word' id='word_1_90' title='bbox 1869 1149 2062 1187; x_wconf 85' lang='lat' dir='ltr'>konnten</span> 
     </span>
     <span class='ocr_line' id='line_1_12' title="bbox 442 1223 2063 1272; baseline -0.002 -8"><span class='ocrx_word' id='word_1_91' title='bbox 442 1227 483 1264; x_wconf 88' lang='lat' dir='ltr'>in</span> <span class='ocrx_word' id='word_1_92' title='bbox 531 1226 809 1264; x_wconf 81' lang='lat' dir='ltr'>Klein-Asien</span> <span class='ocrx_word' id='word_1_93' title='bbox 853 1235 936 1263; x_wconf 92' lang='lat' dir='ltr'>neu</span> <span class='ocrx_word' id='word_1_94' title='bbox 977 1225 1121 1264; x_wconf 85' lang='lat' dir='ltr'>belebt</span> <span class='ocrx_word' id='word_1_95' title='bbox 1157 1226 1242 1263; x_wconf 91' lang='lat' dir='ltr'>und</span> <span class='ocrx_word' id='word_1_96' title='bbox 1289 1225 1423 1263; x_wconf 81' lang='lat' dir='ltr'>durch</span> <span class='ocrx_word' id='word_1_97' title='bbox 1462 1235 1570 1264; x_wconf 88' lang='lat' dir='ltr'>neue</span> <span class='ocrx_word' id='word_1_98' title='bbox 1603 1225 1899 1272; x_wconf 83' lang='lat' dir='ltr'>Erfahrungen</span> <span class='ocrx_word' id='word_1_99' title='bbox 1932 1223 2063 1262; x_wconf 88' lang='lat' dir='ltr'>berei-</span> 
     </span>
     <span class='ocr_line' id='line_1_13' title="bbox 441 1298 2064 1349; baseline -0.001 -11"><span class='ocrx_word' id='word_1_100' title='bbox 441 1302 576 1349; x_wconf 88' lang='lat' dir='ltr'>chert,</span> <span class='ocrx_word' id='word_1_101' title='bbox 627 1300 741 1339; x_wconf 89' lang='lat' dir='ltr'>aber·</span> <span class='ocrx_word' id='word_1_102' title='bbox 791 1301 878 1338; x_wconf 90' lang='lat' dir='ltr'>und</span> <span class='ocrx_word' id='word_1_103' title='bbox 922 1300 1138 1339; x_wconf 88' lang='lat' dir='ltr'>abermals</span> <span class='ocrx_word' id='word_1_104' title='bbox 1181 1301 1481 1349; x_wconf 84' lang='lat' dir='ltr'>umgedichtet</span> <span class='ocrx_word' id='word_1_105' title='bbox 1522 1301 1607 1338; x_wconf 90' lang='lat' dir='ltr'>und</span> <span class='ocrx_word' id='word_1_106' title='bbox 1641 1311 1714 1338; x_wconf 89' lang='lat' dir='ltr'>um</span> <span class='ocrx_word' id='word_1_107' title='bbox 1749 1301 1872 1338; x_wconf 89' lang='lat' dir='ltr'>einen</span> <span class='ocrx_word' id='word_1_108' title='bbox 1907 1298 2064 1337; x_wconf 83' lang='lat' dir='ltr'>Mitte]-</span> 
     </span>
     <span class='ocr_line' id='line_1_14' title="bbox 441 1375 2064 1424; baseline -0.001 -10"><span class='ocrx_word' id='word_1_109' title='bbox 441 1377 574 1424; x_wconf 84' lang='lat' dir='ltr'>punkt</span> <span class='ocrx_word' id='word_1_110' title='bbox 606 1375 871 1424; x_wconf 80' lang='lat' dir='ltr'>gesammelt</span> <span class='ocrx_word' id='word_1_111' title='bbox 904 1376 991 1414; x_wconf 89' lang='lat' dir='ltr'>und</span> <span class='ocrx_word' id='word_1_112' title='bbox 1025 1375 1159 1414; x_wconf 82' lang='lat' dir='ltr'>durch</span> <span class='ocrx_word' id='word_1_113' title='bbox 1192 1376 1266 1414; x_wconf 90' lang='lat' dir='ltr'>ihn</span> <span class='ocrx_word' id='word_1_114' title='bbox 1301 1375 1550 1414; x_wconf 86' lang='lat' dir='ltr'>verbunden</span> <span class='ocrx_word' id='word_1_115' title='bbox 1576 1376 1749 1414; x_wconf 79' lang='lat' dir='ltr'>werden</span> <span class='ocrx_word' id='word_1_116' title='bbox 1782 1376 1850 1420; x_wconf 88' lang='lat' dir='ltr'>(id.</span> <span class='ocrx_word' id='word_1_117' title='bbox 1880 1385 1917 1422; x_wconf 91' lang='lat' dir='ltr'>p.</span> <span class='ocrx_word' id='word_1_118' title='bbox 1951 1375 2064 1418; x_wconf 82' lang='lat'>19).”</span> 
     </span>
     <span class='ocr_line' id='line_1_15' title="bbox 440 1449 2065 1500; baseline -0.001 -10"><span class='ocrx_word' id='word_1_119' title='bbox 440 1452 520 1490; x_wconf 84' lang='lat' dir='ltr'>Sed</span> <span class='ocrx_word' id='word_1_120' title='bbox 554 1451 773 1489; x_wconf 86' lang='lat' dir='ltr'>interdum</span> <span class='ocrx_word' id='word_1_121' title='bbox 807 1451 979 1499; x_wconf 87' lang='lat' dir='ltr'>ingenio</span> <span class='ocrx_word' id='word_1_122' title='bbox 1014 1461 1060 1489; x_wconf 90' lang='lat' dir='ltr'>se</span> <span class='ocrx_word' id='word_1_123' title='bbox 1093 1451 1231 1499; x_wconf 87' lang='lat' dir='ltr'>abripi</span> <span class='ocrx_word' id='word_1_124' title='bbox 1267 1461 1428 1500; x_wconf 87' lang='lat' dir='ltr'>passus</span> <span class='ocrx_word' id='word_1_125' title='bbox 1455 1453 1522 1490; x_wconf 90' lang='lat' dir='ltr'>est</span> <span class='ocrx_word' id='word_1_126' title='bbox 1554 1451 1761 1498; x_wconf 86' lang='lat' dir='ltr'>Bethius;</span> <span class='ocrx_word' id='word_1_127' title='bbox 1803 1451 1915 1498; x_wconf 85' lang='lat' dir='ltr'>quod</span> <span class='ocrx_word' id='word_1_128' title='bbox 1948 1449 2065 1488; x_wconf 88' lang='lat' dir='ltr'>valet</span> 
     </span>
     <span class='ocr_line' id='line_1_16' title="bbox 441 1526 2066 1573; baseline 0 -9"><span class='ocrx_word' id='word_1_129' title='bbox 441 1528 490 1564; x_wconf 92' lang='lat' dir='ltr'>de</span> <span class='ocrx_word' id='word_1_130' title='bbox 538 1526 795 1573; x_wconf 86' lang='lat' dir='ltr'>quibusdam</span> <span class='ocrx_word' id='word_1_131' title='bbox 840 1526 990 1564; x_wconf 83' lang='lat' dir='ltr'>Iliadis</span> <span class='ocrx_word' id='word_1_132' title='bbox 1031 1526 1190 1564; x_wconf 86' lang='lat' dir='ltr'>fabulis</span> <span class='ocrx_word' id='word_1_133' title='bbox 1232 1536 1316 1565; x_wconf 90' lang='lat' dir='ltr'>non</span> <span class='ocrx_word' id='word_1_134' title='bbox 1356 1526 1476 1565; x_wconf 89' lang='lat' dir='ltr'>valet</span> <span class='ocrx_word' id='word_1_135' title='bbox 1518 1527 1568 1565; x_wconf 89' lang='lat' dir='ltr'>de</span> <span class='ocrx_word' id='word_1_136' title='bbox 1610 1527 1728 1565; x_wconf 87' lang='lat' dir='ltr'>omni</span> <span class='ocrx_word' id='word_1_137' title='bbox 1760 1526 1894 1565; x_wconf 88' lang='lat' dir='ltr'>Iliade</span> <span class='ocrx_word' id='word_1_138' title='bbox 1927 1535 2066 1573; x_wconf 89' lang='lat' dir='ltr'>neque</span> 
     </span>
     <span class='ocr_line' id='line_1_17' title="bbox 441 1601 2064 1650; baseline 0.001 -11"><span class='ocrx_word' id='word_1_139' title='bbox 441 1602 670 1649; x_wconf 84' lang='lat' dir='ltr'>quisquam</span> <span class='ocrx_word' id='word_1_140' title='bbox 703 1601 829 1640; x_wconf 85' lang='lat' dir='ltr'>facile</span> <span class='ocrx_word' id='word_1_141' title='bbox 862 1601 943 1640; x_wconf 89' lang='lat' dir='ltr'>sibi</span> <span class='ocrx_word' id='word_1_142' title='bbox 983 1601 1260 1650; x_wconf 84' lang='lat' dir='ltr'>persuadebit</span> <span class='ocrx_word' id='word_1_143' title='bbox 1286 1602 1621 1640; x_wconf 82' lang='lat' dir='ltr'>Andromachen</span> <span class='ocrx_word' id='word_1_144' title='bbox 1653 1625 1701 1629; x_wconf 91' lang='lat'><em>-</em></span> <span class='ocrx_word' id='word_1_145' title='bbox 1732 1612 1904 1640; x_wconf 90' lang='lat' dir='ltr'>merum</span> <span class='ocrx_word' id='word_1_146' title='bbox 1937 1601 2064 1639; x_wconf 87' lang='lat' dir='ltr'>Ama-</span> 
     </span>
     <span class='ocr_line' id='line_1_18' title="bbox 439 1677 2066 1728; baseline 0.002 -14"><span class='ocrx_word' id='word_1_147' title='bbox 439 1678 560 1716; x_wconf 88' lang='lat' dir='ltr'>zonis</span> <span class='ocrx_word' id='word_1_148' title='bbox 593 1687 751 1715; x_wconf 90' lang='lat' dir='ltr'>nomen</span> <span class='ocrx_word' id='word_1_149' title='bbox 783 1699 832 1703; x_wconf 91' lang='lat'>—</span> <span class='ocrx_word' id='word_1_150' title='bbox 862 1677 1022 1716; x_wconf 85' lang='lat' dir='ltr'>Thebis</span> <span class='ocrx_word' id='word_1_151' title='bbox 1055 1678 1379 1717; x_wconf 88' lang='lat' dir='ltr'>Phthiotidibus</span> <span class='ocrx_word' id='word_1_152' title='bbox 1412 1680 1603 1728; x_wconf 82' lang='lat' dir='ltr'>venisse,</span> <span class='ocrx_word' id='word_1_153' title='bbox 1639 1689 1777 1726; x_wconf 89' lang='lat' dir='ltr'>neque</span> <span class='ocrx_word' id='word_1_154' title='bbox 1810 1680 1857 1717; x_wconf 89' lang='lat' dir='ltr'>ut</span> <span class='ocrx_word' id='word_1_155' title='bbox 1888 1678 2066 1717; x_wconf 76' lang='lat' dir='ltr'>Hectori</span> 
     </span>
     <span class='ocr_line' id='line_1_19' title="bbox 440 1752 2062 1801; baseline 0.002 -11"><span class='ocrx_word' id='word_1_156' title='bbox 440 1753 688 1800; x_wconf 80' lang='lat' dir='ltr'>assignetur</span> <span class='ocrx_word' id='word_1_157' title='bbox 729 1752 847 1801; x_wconf 87' lang='lat' dir='ltr'>origo</span> <span class='ocrx_word' id='word_1_158' title='bbox 889 1762 1044 1801; x_wconf 86' lang='lat' dir='ltr'>graeca</span> <span class='ocrx_word' id='word_1_159' title='bbox 1086 1752 1290 1792; x_wconf 78' lang='lat' dir='ltr'>abutetur</span> <span class='ocrx_word' id='word_1_160' title='bbox 1331 1754 1554 1793; x_wconf 88' lang='lat' dir='ltr'>Plutarchi</span> <span class='ocrx_word' id='word_1_161' title='bbox 1587 1754 1728 1800; x_wconf 89' lang='lat' dir='ltr'>(Thes.</span> <span class='ocrx_word' id='word_1_162' title='bbox 1764 1754 1833 1799; x_wconf 86' lang='lat'>34)</span> <span class='ocrx_word' id='word_1_163' title='bbox 1867 1754 2062 1793; x_wconf 85' lang='lat' dir='ltr'>observa-</span> 
     </span>
     <span class='ocr_line' id='line_1_20' title="bbox 438 1825 2064 1881; baseline 0.002 -16"><span class='ocrx_word' id='word_1_164' title='bbox 438 1828 578 1866; x_wconf 70' lang='lat' dir='ltr'>tione:</span> <span class='ocrx_word' id='word_1_165' title='bbox 618 1825 808 1878; x_wconf 66' lang='lat' dir='ltr'>„⁶&#39;Ent090c</span> <span class='ocrx_word' id='word_1_166' title='bbox 842 1825 884 1866; x_wconf 78' lang='grc' dir='ltr'>δὲ</span> <span class='ocrx_word' id='word_1_167' title='bbox 911 1827 982 1878; x_wconf 82' lang='grc' dir='ltr'>τὴν</span> <span class='ocrx_word' id='word_1_168' title='bbox 1013 1829 1258 1880; x_wconf 72' lang='grc' dir='ltr'><em>Τροιζηνίων</em></span> <span class='ocrx_word' id='word_1_169' title='bbox 1290 1829 1408 1868; x_wconf 82' lang='grc' dir='ltr'><em>πόλιν</em></span> <span class='ocrx_word' id='word_1_170' title='bbox 1441 1829 1613 1880; x_wconf 77' lang='grc' dir='ltr'><em>λαβόντα</em></span> <span class='ocrx_word' id='word_1_171' title='bbox 1648 1830 1862 1881; x_wconf 80' lang='grc' dir='ltr'><em>διαρπάσαι</em></span> <span class='ocrx_word' id='word_1_172' title='bbox 1893 1828 1959 1868; x_wconf 78' lang='grc' dir='ltr'>καὶ</span> <span class='ocrx_word' id='word_1_173' title='bbox 1992 1829 2064 1880; x_wconf 82' lang='grc' dir='ltr'>τὴν</span> 
     </span>
     <span class='ocr_line' id='line_1_21' title="bbox 441 1901 1623 1954; baseline 0.003 -14"><span class='ocrx_word' id='word_1_174' title='bbox 441 1902 602 1953; x_wconf 76' lang='grc' dir='ltr'><em>Αἴθραν</em></span> <span class='ocrx_word' id='word_1_175' title='bbox 636 1901 802 1954; x_wconf 79' lang='grc' dir='ltr'><em>ἀπάγειν</em></span> <span class='ocrx_word' id='word_1_176' title='bbox 834 1901 918 1941; x_wconf 76' lang='grc' dir='ltr'>ἐκεῖ</span> <span class='ocrx_word' id='word_1_177' title='bbox 944 1906 1309 1953; x_wconf 80' lang='grc' dir='ltr'><em>καταλειφθεῖσαν”</em></span> <span class='ocrx_word' id='word_1_178' title='bbox 1345 1906 1411 1951; x_wconf 83' lang='lat' dir='ltr'><strong>(Cf.</strong></span> <span class='ocrx_word' id='word_1_179' title='bbox 1446 1907 1483 1942; x_wconf 92' lang='grc' dir='ltr'><em>Γ</em></span> <span class='ocrx_word' id='word_1_180' title='bbox 1514 1907 1623 1951; x_wconf 86' lang='lat'>144).</span> 
     </span>
    </p>

    <p class='ocr_par' dir='ltr' id='par_1_3' title="bbox 435 1978 2065 2396">
     <span class='ocr_line' id='line_1_22' title="bbox 499 1978 2065 2029; baseline 0.003 -13"><span class='ocrx_word' id='word_1_181' title='bbox 499 1978 717 2026; x_wconf 73' lang='lat' dir='ltr'>Quaedam</span> <span class='ocrx_word' id='word_1_182' title='bbox 751 1979 883 2027; x_wconf 85' lang='lat' dir='ltr'>igitur</span> <span class='ocrx_word' id='word_1_183' title='bbox 915 1982 1177 2028; x_wconf 88' lang='lat' dir='ltr'>argumenta</span> <span class='ocrx_word' id='word_1_184' title='bbox 1203 1981 1346 2019; x_wconf 88' lang='lat' dir='ltr'>Bethii</span> <span class='ocrx_word' id='word_1_185' title='bbox 1375 1981 1596 2020; x_wconf 83' lang='lat' dir='ltr'>callidiora</span> <span class='ocrx_word' id='word_1_186' title='bbox 1621 1992 1751 2029; x_wconf 89' lang='lat' dir='ltr'>quarn</span> <span class='ocrx_word' id='word_1_187' title='bbox 1782 1982 1950 2020; x_wconf 87' lang='lat' dir='ltr'>veriora</span> <span class='ocrx_word' id='word_1_188' title='bbox 1973 1981 2065 2020; x_wconf 88' lang='lat' dir='ltr'>iure</span> 
     </span>
     <span class='ocr_line' id='line_1_23' title="bbox 438 2053 2063 2104; baseline 0.002 -13"><span class='ocrx_word' id='word_1_189' title='bbox 438 2054 647 2092; x_wconf 84' lang='lat' dir='ltr'>refutavit</span> <span class='ocrx_word' id='word_1_190' title='bbox 679 2053 858 2092; x_wconf 86' lang='lat' dir='ltr'>Crusius</span> <span class='ocrx_word' id='word_1_191' title='bbox 890 2055 1428 2104; x_wconf 83' lang='lat' dir='ltr'>(Sagenverschiebungen</span> <span class='ocrx_word' id='word_1_192' title='bbox 1462 2057 1565 2095; x_wconf 82' lang='lat' dir='ltr'>Sit-z.</span> <span class='ocrx_word' id='word_1_193' title='bbox 1600 2057 1694 2096; x_wconf 87' lang='lat' dir='ltr'>Ber.</span> <span class='ocrx_word' id='word_1_194' title='bbox 1729 2057 1899 2095; x_wconf 79' lang='lat' dir='ltr'>Munch.</span> <span class='ocrx_word' id='word_1_195' title='bbox 1927 2056 2063 2095; x_wconf 82' lang='lat' dir='ltr'>Akad.</span> 
     </span>
     <span class='ocr_line' id='line_1_24' title="bbox 443 2129 2063 2178; baseline 0.002 -12"><span class='ocrx_word' id='word_1_196' title='bbox 443 2130 566 2178; x_wconf 78' lang='lat'>1905,</span> <span class='ocrx_word' id='word_1_197' title='bbox 603 2129 668 2177; x_wconf 80' lang='lat' dir='ltr'>V),</span> <span class='ocrx_word' id='word_1_198' title='bbox 705 2140 970 2177; x_wconf 84' lang='lat' dir='ltr'>quamquam</span> <span class='ocrx_word' id='word_1_199' title='bbox 1004 2131 1201 2171; x_wconf 87' lang='lat' dir='ltr'>dolemus</span> <span class='ocrx_word' id='word_1_200' title='bbox 1228 2132 1343 2170; x_wconf 88' lang='lat' dir='ltr'>hunc</span> <span class='ocrx_word' id='word_1_201' title='bbox 1371 2133 1512 2170; x_wconf 88' lang='lat' dir='ltr'>virum</span> <span class='ocrx_word' id='word_1_202' title='bbox 1542 2134 1682 2171; x_wconf 88' lang='lat' dir='ltr'>artem</span> <span class='ocrx_word' id='word_1_203' title='bbox 1712 2142 1836 2171; x_wconf 88' lang='lat' dir='ltr'>suam</span> <span class='ocrx_word' id='word_1_204' title='bbox 1867 2132 2063 2171; x_wconf 85' lang='lat' dir='ltr'>criticam</span> 
     </span>
     <span class='ocr_line' id='line_1_25' title="bbox 435 2205 2061 2257; baseline 0.003 -16"><span class='ocrx_word' id='word_1_205' title='bbox 435 2205 476 2242; x_wconf 86' lang='lat' dir='ltr'>in</span> <span class='ocrx_word' id='word_1_206' title='bbox 506 2205 806 2243; x_wconf 88' lang='lat' dir='ltr'>adversarium</span> <span class='ocrx_word' id='word_1_207' title='bbox 832 2206 947 2245; x_wconf 89' lang='lat' dir='ltr'>iusto</span> <span class='ocrx_word' id='word_1_208' title='bbox 975 2207 1137 2256; x_wconf 87' lang='lat' dir='ltr'>acrius,</span> <span class='ocrx_word' id='word_1_209' title='bbox 1163 2207 1310 2246; x_wconf 87' lang='lat' dir='ltr'>hostili</span> <span class='ocrx_word' id='word_1_210' title='bbox 1329 2207 1416 2246; x_wconf 83' lang='lat' dir='ltr'>fere</span> <span class='ocrx_word' id='word_1_211' title='bbox 1444 2208 1607 2247; x_wconf 83' lang='lat' dir='ltr'>dixeris</span> <span class='ocrx_word' id='word_1_212' title='bbox 1626 2208 1770 2257; x_wconf 89' lang='lat' dir='ltr'>modo,</span> <span class='ocrx_word' id='word_1_213' title='bbox 1800 2208 2061 2256; x_wconf 84' lang='lat' dir='ltr'>exercuisse,</span> 
     </span>
     <span class='ocr_line' id='line_1_26' title="bbox 438 2282 2064 2332; baseline 0.003 -15"><span class='ocrx_word' id='word_1_214' title='bbox 438 2289 519 2325; x_wconf 86' lang='lat' dir='ltr'>quo</span> <span class='ocrx_word' id='word_1_215' title='bbox 567 2290 669 2318; x_wconf 85' lang='lat' dir='ltr'>suas</span> <span class='ocrx_word' id='word_1_216' title='bbox 718 2282 1122 2328; x_wconf 86' lang='lat' dir='ltr'>argumentationes</span> <span class='ocrx_word' id='word_1_217' title='bbox 1166 2293 1441 2331; x_wconf 85' lang='lat' dir='ltr'>nequaquam</span> <span class='ocrx_word' id='word_1_218' title='bbox 1483 2283 1732 2332; x_wconf 85' lang='lat' dir='ltr'>stabilierit,</span> <span class='ocrx_word' id='word_1_219' title='bbox 1776 2284 1912 2322; x_wconf 91' lang='lat' dir='ltr'>immo</span> <span class='ocrx_word' id='word_1_220' title='bbox 1949 2283 2064 2322; x_wconf 83' lang='lat' dir='ltr'>lectu</span> 
     </span>
     <span class='ocr_line' id='line_1_27' title="bbox 438 2354 1037 2396; baseline 0.007 -4"><span class='ocrx_word' id='word_1_221' title='bbox 438 2354 670 2393; x_wconf 83' lang='lat' dir='ltr'>reddiderit</span> <span class='ocrx_word' id='word_1_222' title='bbox 702 2356 1037 2396; x_wconf 89' lang='lat' dir='ltr'>iniucundiores.</span> 
     </span>
    </p>

    <p class='ocr_par' dir='ltr' id='par_1_4' title="bbox 438 2429 2067 3083">
     <span class='ocr_line' id='line_1_28' title="bbox 498 2429 2066 2483; baseline 0.003 -16"><span class='ocrx_word' id='word_1_223' title='bbox 498 2429 613 2468; x_wconf 90' lang='lat' dir='ltr'>Neve</span> <span class='ocrx_word' id='word_1_224' title='bbox 647 2431 793 2469; x_wconf 88' lang='lat' dir='ltr'>credat</span> <span class='ocrx_word' id='word_1_225' title='bbox 821 2431 998 2471; x_wconf 86' lang='lat' dir='ltr'>Crusius</span> <span class='ocrx_word' id='word_1_226' title='bbox 1026 2443 1207 2481; x_wconf 87' lang='lat' dir='ltr'>prorsus</span> <span class='ocrx_word' id='word_1_227' title='bbox 1235 2434 1286 2472; x_wconf 91' lang='lat' dir='ltr'>ad</span> <span class='ocrx_word' id='word_1_228' title='bbox 1316 2434 1573 2483; x_wconf 86' lang='lat' dir='ltr'>absurdum,</span> <span class='ocrx_word' id='word_1_229' title='bbox 1602 2436 1651 2472; x_wconf 91' lang='lat' dir='ltr'>ut</span> <span class='ocrx_word' id='word_1_230' title='bbox 1678 2434 1847 2483; x_wconf 86' lang='lat' dir='ltr'>dicitur,</span> <span class='ocrx_word' id='word_1_231' title='bbox 1877 2444 1922 2473; x_wconf 89' lang='lat' dir='ltr'>se</span> <span class='ocrx_word' id='word_1_232' title='bbox 1940 2434 2066 2472; x_wconf 89' lang='lat' dir='ltr'>dedu-</span> 
     </span>
     <span class='ocr_line' id='line_1_29' title="bbox 438 2504 2063 2557; baseline 0.004 -16"><span class='ocrx_word' id='word_1_233' title='bbox 438 2504 557 2542; x_wconf 80' lang='lat' dir='ltr'>xisse</span> <span class='ocrx_word' id='word_1_234' title='bbox 581 2504 847 2544; x_wconf 88' lang='lat' dir='ltr'>Phanodemi</span> <span class='ocrx_word' id='word_1_235' title='bbox 875 2507 926 2545; x_wconf 93' lang='lat' dir='ltr'>de</span> <span class='ocrx_word' id='word_1_236' title='bbox 950 2508 1078 2546; x_wconf 90' lang='lat' dir='ltr'>Troia</span> <span class='ocrx_word' id='word_1_237' title='bbox 1095 2508 1247 2557; x_wconf 87' lang='lat' dir='ltr'>attica,</span> <span class='ocrx_word' id='word_1_238' title='bbox 1267 2509 1317 2548; x_wconf 90' lang='lat' dir='ltr'>de</span> <span class='ocrx_word' id='word_1_239' title='bbox 1336 2509 1511 2548; x_wconf 85' lang='lat' dir='ltr'>Teucris</span> <span class='ocrx_word' id='word_1_240' title='bbox 1529 2509 1692 2557; x_wconf 88' lang='lat' dir='ltr'>atticis,</span> <span class='ocrx_word' id='word_1_241' title='bbox 1712 2509 2063 2548; x_wconf 84' lang='lat' dir='ltr'>observationem</span> 
     </span>
     <span class='ocr_line' id='line_1_30' title="bbox 438 2578 2062 2632; baseline 0.004 -17"><span class='ocrx_word' id='word_1_242' title='bbox 438 2578 570 2617; x_wconf 86' lang='lat' dir='ltr'>allato</span> <span class='ocrx_word' id='word_1_243' title='bbox 604 2579 874 2630; x_wconf 85' lang='lat' dir='ltr'>fragmento,</span> <span class='ocrx_word' id='word_1_244' title='bbox 909 2583 1022 2629; x_wconf 89' lang='lat' dir='ltr'>quod</span> <span class='ocrx_word' id='word_1_245' title='bbox 1057 2585 1205 2622; x_wconf 81' lang='lat' dir='ltr'>exstat</span> <span class='ocrx_word' id='word_1_246' title='bbox 1223 2584 1359 2623; x_wconf 89' lang='lat' dir='ltr'>Procl.</span> <span class='ocrx_word' id='word_1_247' title='bbox 1395 2585 1446 2622; x_wconf 88' lang='lat' dir='ltr'>ad</span> <span class='ocrx_word' id='word_1_248' title='bbox 1477 2585 1587 2625; x_wconf 88' lang='lat' dir='ltr'>Tim.</span> <span class='ocrx_word' id='word_1_249' title='bbox 1615 2595 1653 2632; x_wconf 87' lang='lat' dir='ltr'>p.</span> <span class='ocrx_word' id='word_1_250' title='bbox 1674 2584 1728 2622; x_wconf 78' lang='lat'>30</span> <span class='ocrx_word' id='word_1_251' title='bbox 1747 2583 1776 2622; x_wconf 86' lang='lat' dir='ltr'>C</span> <span class='ocrx_word' id='word_1_252' title='bbox 1805 2585 1874 2629; x_wconf 76' lang='lat'>(97</span> <span class='ocrx_word' id='word_1_253' title='bbox 1902 2583 2062 2629; x_wconf 86' lang='lat' dir='ltr'>Diehl):</span> 
     </span>
     <span class='ocr_line' id='line_1_31' title="bbox 443 2651 2064 2708; baseline 0.004 -18"><span class='ocrx_word' id='word_1_254' title='bbox 443 2653 560 2701; x_wconf 80' lang='grc' dir='ltr'>,,τοὺς</span> <span class='ocrx_word' id='word_1_255' title='bbox 611 2651 651 2691; x_wconf 79' lang='grc' dir='ltr'>ὁὲ</span> <span class='ocrx_word' id='word_1_256' title='bbox 694 2656 931 2704; x_wconf 76' lang='grc' dir='ltr'><em>Ἀθηναίους</em></span> <span class='ocrx_word' id='word_1_257' title='bbox 981 2656 1256 2708; x_wconf 78' lang='grc' dir='ltr'><em>Καλλισθένης</em></span> <span class='ocrx_word' id='word_1_258' title='bbox 1300 2656 1370 2708; x_wconf 79' lang='grc' dir='ltr'>μὲν</span> <span class='ocrx_word' id='word_1_259' title='bbox 1414 2657 1479 2696; x_wconf 79' lang='grc' dir='ltr'>καὶ</span> <span class='ocrx_word' id='word_1_260' title='bbox 1517 2658 1758 2708; x_wconf 80' lang='grc' dir='ltr'><em>Φανόδημος</em></span> <span class='ocrx_word' id='word_1_261' title='bbox 1790 2656 1959 2708; x_wconf 77' lang='grc' dir='ltr'><strong><em>πατέρας</em></strong></span> <span class='ocrx_word' id='word_1_262' title='bbox 1987 2664 2064 2697; x_wconf 85' lang='grc' dir='ltr'>τῶν</span> 
     </span>
     <span class='ocr_line' id='line_1_32' title="bbox 438 2729 2065 2783; baseline 0.006 -19"><span class='ocrx_word' id='word_1_263' title='bbox 438 2729 595 2765; x_wconf 84' lang='grc' dir='ltr'><em>Σαϊτῶν</em></span> <span class='ocrx_word' id='word_1_264' title='bbox 643 2729 841 2779; x_wconf 81' lang='grc' dir='ltr'><em>ἱστοροῦσι</em></span> <span class='ocrx_word' id='word_1_265' title='bbox 889 2731 1121 2782; x_wconf 81' lang='grc' dir='ltr'><em>γενέσθαι”.</em></span> <span class='ocrx_word' id='word_1_266' title='bbox 1171 2735 1332 2783; x_wconf 75' lang='lat' dir='ltr'>Quibus</span> <span class='ocrx_word' id='word_1_267' title='bbox 1380 2735 1524 2773; x_wconf 80' lang='lat' dir='ltr'>verbis</span> <span class='ocrx_word' id='word_1_268' title='bbox 1566 2734 1712 2773; x_wconf 67' lang='lat' dir='ltr'>allatis</span> <span class='ocrx_word' id='word_1_269' title='bbox 1753 2735 2065 2783; x_wconf 79' lang='lat' dir='ltr'>glOI&#39;iabUndUS</span> 
     </span>
     <span class='ocr_line' id='line_1_33' title="bbox 439 2804 2063 2852; baseline 0.004 -11"><span class='ocrx_word' id='word_1_270' title='bbox 439 2804 681 2842; x_wconf 79' lang='lat' dir='ltr'>exclamat:</span> <span class='ocrx_word' id='word_1_271' title='bbox 734 2805 836 2852; x_wconf 87' lang='lat' dir='ltr'>„Die</span> <span class='ocrx_word' id='word_1_272' title='bbox 885 2807 1016 2846; x_wconf 88' lang='lat' dir='ltr'>Troer</span> <span class='ocrx_word' id='word_1_273' title='bbox 1058 2809 1197 2848; x_wconf 83' lang='lat' dir='ltr'>haben</span> <span class='ocrx_word' id='word_1_274' title='bbox 1241 2810 1283 2848; x_wconf 93' lang='lat' dir='ltr'>in</span> <span class='ocrx_word' id='word_1_275' title='bbox 1323 2810 1475 2849; x_wconf 85' lang='lat' dir='ltr'>Attika</span> <span class='ocrx_word' id='word_1_276' title='bbox 1507 2810 1627 2847; x_wconf 89' lang='lat' dir='ltr'>nicht</span> <span class='ocrx_word' id='word_1_277' title='bbox 1657 2810 1782 2848; x_wconf 88' lang='lat' dir='ltr'>mehr</span> <span class='ocrx_word' id='word_1_278' title='bbox 1816 2820 1867 2848; x_wconf 89' lang='lat' dir='ltr'>zu</span> <span class='ocrx_word' id='word_1_279' title='bbox 1901 2810 2063 2848; x_wconf 87' lang='lat' dir='ltr'>suchen</span> 
     </span>
     <span class='ocr_line' id='line_1_34' title="bbox 440 2878 2064 2924; baseline 0.006 -10"><span class='ocrx_word' id='word_1_280' title='bbox 440 2878 503 2915; x_wconf 87' lang='lat' dir='ltr'>als</span> <span class='ocrx_word' id='word_1_281' title='bbox 537 2878 603 2916; x_wconf 90' lang='lat' dir='ltr'>die</span> <span class='ocrx_word' id='word_1_282' title='bbox 637 2879 812 2918; x_wconf 79' lang='lat' dir='ltr'>Manner</span> <span class='ocrx_word' id='word_1_283' title='bbox 846 2892 926 2920; x_wconf 90' lang='lat' dir='ltr'>von</span> <span class='ocrx_word' id='word_1_284' title='bbox 966 2883 1106 2922; x_wconf 83' lang='lat' dir='ltr'>Sais.’&#39;</span> <span class='ocrx_word' id='word_1_285' title='bbox 1140 2884 1251 2923; x_wconf 90' lang='lat' dir='ltr'>Nam</span> <span class='ocrx_word' id='word_1_286' title='bbox 1278 2885 1381 2923; x_wconf 88' lang='lat' dir='ltr'>licet</span> <span class='ocrx_word' id='word_1_287' title='bbox 1404 2884 1552 2923; x_wconf 90' lang='lat' dir='ltr'>nullus</span> <span class='ocrx_word' id='word_1_288' title='bbox 1579 2894 1663 2922; x_wconf 89' lang='lat' dir='ltr'>non</span> <span class='ocrx_word' id='word_1_289' title='bbox 1688 2885 1895 2924; x_wconf 87' lang='lat' dir='ltr'>concedat</span> <span class='ocrx_word' id='word_1_290' title='bbox 1914 2885 2064 2924; x_wconf 87' lang='lat' dir='ltr'>Crusio</span> 
     </span>
     <span class='ocr_line' id='line_1_35' title="bbox 440 2953 2066 3006; baseline 0.006 -17"><span class='ocrx_word' id='word_1_291' title='bbox 440 2953 518 2990; x_wconf 89' lang='lat' dir='ltr'>hoc</span> <span class='ocrx_word' id='word_1_292' title='bbox 564 2953 858 3001; x_wconf 86' lang='lat' dir='ltr'>fragmentum</span> <span class='ocrx_word' id='word_1_293' title='bbox 909 2958 1041 2996; x_wconf 85' lang='lat' dir='ltr'>tacite</span> <span class='ocrx_word' id='word_1_294' title='bbox 1089 2969 1185 2997; x_wconf 88' lang='lat' dir='ltr'>esse</span> <span class='ocrx_word' id='word_1_295' title='bbox 1233 2959 1526 3006; x_wconf 86' lang='lat' dir='ltr'>abiciendum,</span> <span class='ocrx_word' id='word_1_296' title='bbox 1577 2958 1676 2997; x_wconf 81' lang='lat' dir='ltr'>licet</span> <span class='ocrx_word' id='word_1_297' title='bbox 1716 2970 1830 2998; x_wconf 88' lang='lat' dir='ltr'>unus</span> <span class='ocrx_word' id='word_1_298' title='bbox 1873 2963 1913 2999; x_wconf 88' lang='lat' dir='ltr'>et</span> <span class='ocrx_word' id='word_1_299' title='bbox 1955 2960 2066 2999; x_wconf 86' lang='lat' dir='ltr'>alter</span> 
     </span>
     <span class='ocr_line' id='line_1_36' title="bbox 439 3028 2067 3083; baseline 0.006 -19"><span class='ocrx_word' id='word_1_300' title='bbox 439 3028 624 3067; x_wconf 82' lang='lat' dir='ltr'>fortasse</span> <span class='ocrx_word' id='word_1_301' title='bbox 671 3030 898 3068; x_wconf 88' lang='lat' dir='ltr'>nobiscum</span> <span class='ocrx_word' id='word_1_302' title='bbox 950 3033 1134 3071; x_wconf 85' lang='lat' dir='ltr'>coniciat</span> <span class='ocrx_word' id='word_1_303' title='bbox 1178 3034 1333 3072; x_wconf 88' lang='lat' dir='ltr'>harum</span> <span class='ocrx_word' id='word_1_304' title='bbox 1387 3034 1649 3082; x_wconf 88' lang='lat' dir='ltr'>ineptiarum</span> <span class='ocrx_word' id='word_1_305' title='bbox 1709 3035 1921 3083; x_wconf 85' lang='lat' dir='ltr'>originem</span> <span class='ocrx_word' id='word_1_306' title='bbox 1972 3045 2067 3074; x_wconf 88' lang='lat' dir='ltr'>esse</span> 
     </span>
    </p>
   </div>
  </div>
 </body>
</html>
