2200 3487
485 365 565 402 162
1151 375 1204 403 DE
1237 375 1433 404 CARNEIS.

480 489 564 525 alia
605 498 715 534 quae
753 488 925 526 aliunde
963 489 1205 535 conquisivi
1237 489 1332 541 loco
1364 500 1443 528 suo
1476 491 1688 529 tractabo.
1723 490 1925 538 Singulas
1957 492 2103 528 autem

478 573 587 609 quas
621 563 670 600 de
704 562 882 600 Carneis
915 564 1191 610 protulerunt
1227 575 1264 601 V.
1301 565 1337 602 d.
1373 565 1597 612 opiniones
1629 576 1824 604 seorsum
1862 574 2105 613 recensere,

476 648 574 675 cum
602 637 742 674 fusius
770 637 850 675 hoc
877 648 1059 676 munere
1086 638 1264 676 Functus
1291 639 1347 676 sit
1367 638 1535 677 Widius
1554 640 1595 676 in
1615 640 1771 678 Lexico
1790 640 2105 695 Roscheriano,

476 724 530 751 ne
571 715 669 751 acta
702 722 830 760 agere
875 713 1032 761 videar,
1077 714 1298 752 omIttam.
1332 714 1477 762 Ipsam
1517 717 1666 752 autem
1701 725 1791 753 rem
1828 715 2021 753 nondum
2055 713 2105 752 ad

476 787 606 825 finem
643 788 897 835 perductam
934 798 1032 826 esse
1058 788 1229 826 Widius
1255 789 1385 827 huius
1412 790 1624 828 materiae
1651 791 1782 828 index
1814 790 2108 838 peritissimus

476 863 543 900 his
584 862 838 910 prolocutus
880 865 949 902 est
981 863 1148 901 verbis:
1187 863 1372 912 „Streng
1410 864 1657 903 beweisend
1691 866 1788 903 sind
1822 865 1965 903 meine
2000 865 2105 903 Aus-

476 937 926 986 einandersetzungen
976 938 1144 977 freilich
1194 939 1554 978 nicht....aber
1595 940 1662 978 die
1703 950 1785 978 von
1833 940 1919 978 mir
1959 949 2106 987 vorge-

474 1015 686 1060 tragenen
728 1013 967 1051 Ansichten
1010 1014 1106 1051 sind
1149 1014 1258 1052 doch
1299 1014 1449 1053 besser
1488 1014 1748 1064 begrundet,
1787 1014 1852 1053 als
1893 1015 1961 1053 die
1995 1014 2106 1061 jetzt

475 1087 731 1135 gelaufigen.
776 1087 1019 1136 Uebrigens
1060 1088 1131 1126 bin
1170 1089 1239 1127 ich
1274 1089 1513 1138 zufrieden,
1548 1100 1675 1128 wenn
1711 1100 1757 1128 es
1788 1091 1873 1128 mir
1904 1089 2104 1137 gelingen

476 1164 641 1211 Wurde,
692 1164 759 1201 die
799 1164 1027 1201 Karneios-
1070 1165 1155 1202 und
1196 1165 1538 1212 Karneienfrage
1579 1166 1740 1203 wieder
1782 1166 1841 1203 im
1884 1165 2014 1203 Fluss
2051 1175 2103 1202 zu

475 1238 683 1286 bringen”
718 1242 828 1287 (pag.
864 1239 917 1277 87
953 1239 1095 1283 Ann.).

535 1313 666 1352 Bekk.
710 1315 870 1353 Ansscd.
905 1314 923 1351 I
956 1325 994 1362 p.
1030 1315 1139 1353 234:
1183 1315 1478 1360 Γυμνοποιὸία·
1514 1314 1554 1351 ἐν
1587 1316 1755 1368 Σπάρτῃ
1788 1315 1926 1360 παῖδες
1958 1314 2103 1366 γυμνοὶ

473 1395 647 1434 παιᾶνας
698 1389 862 1442 ᾄδοντες
906 1388 1090 1439 ἐχόρευον
1136 1390 1345 1427 Ἀπόλλωνι
1397 1397 1446 1443 τῷ
1499 1391 1678 1445 Καρνείῳ
1718 1389 1816 1428 κατὰ
1857 1390 1929 1439 τὴν
1977 1390 2102 1429 αὐτοῦ

474 1464 715 1514 πανήγυριν.

533 1540 640 1578 Ibid.
689 1540 706 1577 I
755 1550 794 1587 p.
839 1540 937 1588 305,
985 1541 1063 1578 25:
1113 1540 1464 1589 Στοφυλοὸρόμοι·
1511 1540 1609 1578 κατὰ
1655 1539 1726 1590 τὴν
1774 1547 1851 1579 τῶν
1896 1541 2103 1589 Καρνείων

473 1614 612 1664 ἑορτὴν
662 1614 859 1663 στέμματά
908 1631 963 1661 τις
1016 1614 1277 1665 περιθέμενος
1335 1615 1456 1667 τρέχει
1511 1615 1771 1667 ἐπευχόμενός
1818 1632 1851 1654 τι
1900 1623 1945 1670 τῇ
1991 1616 2102 1655 πόλει

472 1690 654 1741 χρηστόν,
695 1690 953 1729 ἐπιδιώκουσι
997 1689 1037 1729 δὲ
1080 1690 1202 1730 αὐτὸν
1245 1691 1346 1741 νέοι,
1384 1692 1706 1742 σταφυλοὸρόμοι
1748 1692 2007 1740 καλούμενοι,
2036 1690 2102 1730 καὶ

472 1764 540 1803 ἐὰν
575 1764 644 1814 μὲν
677 1767 952 1816 καταλάβωσιν
986 1766 1123 1811 αὐτόν,
1155 1765 1313 1818 ἀγα-θον
1347 1783 1380 1805 τι
1412 1768 1689 1814 προσδοκῶσιν
1721 1766 1820 1804 navo(
1846 1766 1891 1805 τὰ
1918 1766 2104 1817 ἐπιχώρια

471 1848 516 1895 τῇ
549 1842 672 1879 πόλει·
707 1841 742 1879 εἰ
773 1839 814 1879 cl&
847 1841 920 1891 μή,
953 1841 1202 1880 τούναντίον.

530 1918 720 1965 Hesych.
765 1918 790 1956 i.
827 1928 864 1955 V.
904 1917 1255 1968 Σταφυλοὸρόμοι·
1298 1916 1400 1964 τινὲς
1435 1925 1508 1956 τῶν
1547 1921 1787 1967 Καρνεατῶν
1820 1924 2100 1967 παρορμῶντες

470 1992 562 2038 τοὺς
596 1991 654 2029 ἐπὶ
691 1994 814 2046 τρύγῃ
849 1994 900 2032 Cf.
935 1993 1097 2032 C.I.G.
1136 1995 1263 2042 1387,
1302 1992 1426 2035 1388.

530 2068 636 2106 Ibid.
685 2069 711 2107 i.
748 2080 787 2108 V.
838 2070 1076 2119 Καρνεᾶται·
1125 2069 1165 2107 οἵ
1208 2068 1353 2121 ἄγαμοι
1402 2068 1690 2119 κεκληρωμένοι
1734 2067 1775 2107 δὲ
1814 2068 1873 2107 ἐπὶ
1917 2069 1989 2119 τὴν
2032 2075 2100 2109 τοῦ

473 2144 672 2194 Καρνείου
702 2144 963 2195 λειτουργίαν·
992 2142 1107 2182 πέντε
1136 2142 1178 2182 δὲ
1207 2142 1270 2193 ἀφ’
1300 2143 1463 2195 ἑκάστης
1496 2146 1738 2195 <φύληςῗ>
1773 2144 1833 2184 ἐπὶ
1862 2145 2102 2195 τετραετείαν

470 2217 757 2270 ἐλειτούργουν.

531 2294 636 2333 Ibid.
680 2295 705 2333 i.
744 2305 781 2333 V.
826 2295 995 2345 Ἀγητής.
1039 2293 1058 2333 ὁ
1102 2295 1326 2345 ἵερωμέινος·
1372 2294 1520 2346 ἄτιμος·
1564 2295 1604 2334 ἐν
1644 2295 1684 2334 δὲ
1717 2300 1796 2342 τοῖς
1836 2297 2047 2347 Καριέίοις
2080 2295 2100 2335 ὁ

471 2368 682 2418 [ερωμένυς
727 2375 794 2407 τοῦ
843 2373 950 2408 θεοῦ.
996 2371 1066 2409 Sic
1107 2371 1279 2410 Widius
1322 2373 1514 2420 glossam
1560 2374 1732 2421 attulit;
1765 2374 1877 2422 apud
1911 2374 2100 2421 Hesych.

474 2456 574 2483 vero
608 2447 758 2484 exstat
791 2443 810 2483 ὁ
844 2445 1055 2495 ῐερωμένος
1090 2453 1173 2495 τῆς
1210 2451 1326 2495 θεοῦ.Λ
1359 2449 1471 2496 quod
1509 2449 1614 2487 olim
1647 2450 1842 2488 mutavit
1873 2449 2101 2488 Meursius.

530 2519 639 2558 Loca
672 2520 830 2567 quibus
863 2522 969 2560 deus
1004 2522 1228 2561 colebatur
1262 2525 1364 2561 sunt
1396 2524 1528 2562 haec:

470 2595 513 2632 in
548 2596 780 2633 Laconica:
825 2597 997 2645 Sparta,
1043 2597 1275 2646 Gythium,
1319 2598 1419 2646 Las,
1466 2599 1708 2648 Oetylium,
1757 2600 1961 2648 Leuctra,
2003 2599 2098 2638 Car·

824 2672 1043 2720 damylae,
1079 2673 1291 2720 Amyclae
1324 2673 1383 2718 (C.
1402 2674 1434 2712 Ι.
1455 2673 1501 2713 G.
1540 2675 1687 2718 1446).

467 2746 509 2783 in
545 2746 781 2785 Messenia:
821 2747 1007 2796 Pharao,
1041 2757 1224 2796 campus
1257 2748 1569 2787 Sthenuclerus
1602 2749 1854 2796 (Mysterien
1893 2749 2102 2788 Inschrift

822 2832 860 2859 v.
896 2822 1098 2860 Andania
1130 2821 1297 2861 CollitZ.
1332 2823 1476 2868 4689).

468 2896 511 2933 in
548 2895 774 2943 Sicyonia:
829 2896 1000 2944 Sicyon.

467 2972 507 3008 in
544 2971 772 3018 Argolide:
821 2972 962 3020 Argos
995 2972 1172 3017 (QLG.
1211 2974 1355 3018 1152).

525 3046 776 3085 Praeterea:
822 3046 1040 3097 Camirus,
1090 3049 1298 3102 Loryma,
1360 3049 1517 3099 Thera,
1570 3049 1731 3088 Cnidus
1779 3050 1898 3096 (Coll.
1947 3052 2095 3101 3527),
