2141 3487
540 913 710 1001 DE
768 909 1349 1007 CARNEIS.

927 1269 958 1307 I.

181 1411 393 1459 Euripidis
427 1411 624 1449 Alcestin
657 1411 855 1459 relegens
888 1412 1011 1449 haesi
1043 1413 1086 1449 in
1121 1411 1320 1450 versibus
1353 1413 1534 1460 aliquot,
1569 1413 1641 1459 qui
1667 1412 1754 1450 iarn

119 1488 222 1525 ante
264 1497 334 1525 me
379 1488 594 1525 vexarunt
630 1488 874 1534 permultos
907 1498 1045 1535 neque
1078 1488 1264 1527 fortasse
1295 1490 1395 1537 post
1431 1499 1502 1526 ine
1537 1487 1759 1526 vexabunt

120 1562 360 1609 pauciores.
404 1562 497 1600 Non
539 1563 649 1609 quod
692 1562 830 1610 fugiat
872 1573 952 1601 nos
994 1563 1094 1609 quid
1137 1563 1252 1601 dicat
1286 1566 1433 1610 poeta;
1469 1563 1592 1601 cuius
1626 1562 1758 1601 verba

120 1637 305 1676 minime
345 1641 449 1676 sunt
490 1639 692 1686 obscura,
736 1639 837 1677 licet
879 1640 1147 1677 constructio
1190 1649 1273 1676 non
1308 1639 1361 1677 ab
1394 1639 1514 1677 omni
1545 1641 1668 1687 parte
1701 1639 1759 1676 sit

117 1713 369 1762 perspicua;
418 1715 494 1752 sed
540 1724 698 1752 sensus
745 1714 827 1752 loci
874 1716 1048 1762 penitus
1096 1715 1258 1762 percipi
1304 1715 1471 1763 nequit,
1519 1714 1603 1752 nisi
1645 1724 1667 1752 e
1709 1725 1755 1753 re

117 1790 415 1837 mythologica
457 1791 632 1838 petatur
674 1790 904 1828 auxilium.
947 1790 999 1829 Et
1030 1791 1231 1828 adierunt
1262 1791 1425 1828 dudum
1459 1791 1533 1828 alii
1567 1790 1756 1828 editores

115 1864 281 1903 fontem
311 1865 661 1913 mythologicum
693 1887 743 1892 —
774 1866 937 1913 optime
966 1866 1047 1904 sibi
1076 1866 1239 1904 conscii
1267 1866 1319 1904 ad
1342 1866 1534 1912 tragicos
1553 1867 1756 1912 antiquos

119 1940 352 1979 ascendere
395 1951 481 1979 non
525 1951 666 1990 posse,
711 1941 795 1979 nisi
828 1942 900 1988 qui
936 1941 1063 1979 huius
1094 1942 1229 1980 fontis
1260 1942 1442 1989 lympha
1475 1942 1753 1988 antiquorum

120 2016 350 2054 hominum
393 2017 444 2054 de
487 2016 617 2055 rebus
659 2017 796 2055 sacris
835 2016 1112 2064 opinionibus
1153 2017 1210 2055 sit
1249 2018 1446 2055 initiatus
1490 2039 1537 2042 —
1587 2027 1753 2055 necnon

119 2090 222 2129 fecit
249 2091 377 2129 huius
402 2091 649 2139 tragoediae
676 2091 831 2139 editor,
861 2091 1142 2130 Hermannus
1170 2092 1352 2140 Hayley,
1380 2093 1454 2139 qui
1482 2093 1627 2130 varios
1645 2092 1759 2130 unde

121 2166 268 2204 fabula
314 2167 516 2214 provenit
565 2168 743 2214 mythos
784 2166 1021 2215 afferendo,
1065 2167 1320 2215 ordinando,
1365 2168 1640 2215 explicando,
1683 2178 1759 2216 pro

121 2241 284 2280 viribus
320 2243 413 2280 suis
444 2242 586 2281 facere
621 2253 730 2290 quae
762 2242 962 2280 facienda
993 2244 1120 2280 erant
1150 2243 1427 2281 laudabiliter
1459 2246 1527 2281 est
1558 2245 1758 2281 conatus.

122 2317 200 2365 Qui
247 2318 350 2356 licet
391 2328 484 2356 rem
528 2319 581 2356 ad
623 2317 756 2356 finem
799 2318 994 2356 nondum
1038 2319 1309 2367 perduxerit,
1354 2321 1422 2357 est
1461 2321 1611 2356 tamen
1646 2319 1759 2366 quod

121 2393 411 2442 gaudeamus,
444 2404 547 2432 nam
580 2394 774 2432 multum
807 2394 1085 2440 profecimus.

186 2467 368 2518 Versus,
403 2479 512 2516 quos
544 2469 661 2516 volo,
696 2474 798 2507 sunt
833 2470 932 2513 (446
965 2473 1092 2516 sqq.):

420 2543 546 2581 πολλά
576 2554 618 2581 σε
650 2543 899 2593 μουσοπόλοι

420 2616 617 2669 μέλψουσι
648 2614 740 2657 καθ’
775 2617 992 2657 ἕπτάτονόν
1025 2615 1050 2656 τ’
1088 2616 1223 2670 ὀρείαν

418 2692 533 2745 χέλυν
567 2693 609 2732 ἕν
641 2691 667 2732 τ’
705 2693 867 2744 ἀλύροις
901 2693 1079 2740 κλέοντες
1112 2695 1275 2745 ὕμνοις,

418 2770 586 2823 Σπάρτα
619 2770 763 2816 κύκλος
797 2767 916 2807 ἁνίκα
950 2770 1151 2821 Καρνείου
1184 2771 1451 2822 περινίσσεται
1484 2770 1589 2821 ὥρας

422 2845 548 2896 μηνὸς
581 2844 816 2896 ἀειρομένας

422 2924 632 2972 παννύχου
665 2920 833 2966 σελάνας

417 2996 625 3047 λιπαραῖσί
654 2992 682 3034 τ’
716 2994 758 3034 ἐν
791 2993 943 3045 ὀλβίαις
976 2994 1179 3041 Ἀθάναις.
