2141 3487
629 318 681 346 DE
714 319 1001 348 sucAimoms
1033 319 1292 348 Tssnseonm.
1688 314 1770 351 209

147 433 217 481 pio
250 434 396 473 animo
428 433 678 482 pangebant
701 430 744 480 ¹).
780 434 827 472 In
854 433 1164 483 Thesprotiam
1192 434 1339 483 igitur,
1367 435 1394 473 i.
1413 444 1448 473 e.
1477 435 1520 473 in
1549 436 1771 484 regionem

146 510 449 558 occidentalem,
495 511 542 548 ut
584 512 784 549 mortuos
825 510 1041 559 viserent,
1078 510 1204 548 missi
1237 512 1340 548 sunt
1371 510 1565 550 Theseus
1598 513 1640 550 et
1673 512 1774 551 Piri-

145 586 276 624 thous
324 585 394 624 vel
435 585 489 624 ab
523 585 730 635 Hesiodo,
765 586 837 634 qui
874 586 1033 625 cecinit
1064 583 1116 632 ὡς
1152 584 1306 635 Θησεὺς
1337 583 1375 631 ἐς
1407 584 1475 624 τὸν
1495 583 1640 637 Ἅιδην
1673 586 1773 637 ὁμοῦ

148 660 329 715 Πειρίθῳ
377 661 575 712 καταβαίη
610 658 658 711 ²),
708 662 777 701 vel
820 661 872 700 ab
915 662 1079 700 incerto
1121 663 1297 700 auctore
1327 658 1376 710 3),
1420 663 1492 709 qui
1525 662 1772 711 Minyadem

144 738 319 786 scripsit
351 736 392 776 ἐν
419 733 444 792 ᾗ
472 736 510 784 ἒς
540 736 671 788 Θησέα
698 737 836 789 ἔχοντα
864 736 931 776 καὶ
960 733 1242 789 Πειρίθουνᾼ).
1271 738 1379 778 Cum
1402 749 1562 788 magno
1579 742 1773 781 exercitu

144 813 300 853 heroes
327 814 623 863 descendisse,
655 816 702 853 ut
731 816 957 854 asseverat
981 815 1243 853 Plutarchus
1260 814 1287 854 1.
1307 814 1353 864 l.,
1382 815 1564 855 dubium
1588 817 1772 867 videtur,

145 900 283 938 neque
330 892 477 929 tamen
521 890 602 929 soli
644 890 702 929 ibi
744 892 886 940 erant,
930 901 1034 929 nam
1067 890 1326 941 καταβάσεων
1357 901 1568 930 numerus
1599 903 1774 942 semper

144 975 397 1005 accrescens
438 966 769 1005 multitudinem
800 972 878 1019 τῷν
911 964 1141 1018 ςὲδοφοιτῶν
1174 966 1362 1014 augebat
1393 969 1436 1005 et
1468 967 1536 1006 vel
1570 979 1591 1007 e
1623 970 1774 1017 paucis

142 1041 356 1089 Minyadis
398 1041 659 1089 fragmentis
689 1037 718 1086 5)
751 1044 929 1090 apparet
969 1043 1051 1080 hoc
1092 1043 1351 1091 praesertim
1395 1053 1571 1082 carmen
1605 1046 1772 1093 copiam

141 1115 504 1155 descendentium
552 1126 638 1156 non
686 1127 839 1165 parum
883 1117 1178 1165 amplificasse
1208 1113 1250 1162 6).
1293 1118 1396 1157 Ideo
1439 1120 1637 1168 suspicor
1669 1124 1774 1161 tunc

140 1192 350 1241 temporis
382 1192 665 1241 Polypoetem
699 1203 890 1242 quoque,
934 1193 1118 1232 Pirithoi
1150 1192 1309 1243 filium,
1344 1194 1480 1233 locum
1511 1206 1638 1235 suum
1668 1198 1776 1237 inter

141 1271 254 1307 notos
297 1268 436 1307 heroes
482 1266 524 1306 ἐν
552 1265 695 1307 Ἅιδου
737 1269 921 1318 degyentes
962 1269 1200 1319 obtinuisse,
1241 1270 1303 1308 ita
1333 1271 1383 1308 ut
1415 1271 1636 1321 Musaeus,
1673 1284 1772 1313 cum

142 1343 287 1383 Ulixis
318 1344 401 1383 iter
433 1344 476 1383 in
510 1344 816 1392 Thesprotiam
848 1345 875 1384 i.
896 1356 931 1384 e.
965 1346 1206 1385 descensum
1232 1347 1288 1385 ad
1312 1346 1467 1394 inferos
1495 1353 1775 1397 componeret

142 1421 186 1458 et
223 1419 352 1458 solito
394 1430 516 1459 more
548 1420 695 1459 varios
727 1421 885 1460 heroes
918 1421 1047 1460 novis
1079 1422 1347 1470 genealogiis
1378 1422 1491 1461 inter
1522 1433 1569 1462 se
1601 1426 1773 1465 coniun-

141 1497 264 1543 geret
306 1495 568 1535 Thessalum
606 1496 814 1535 iuvenem
849 1507 948 1535 cum
981 1497 1133 1536 Ithaco
1166 1497 1428 1546 coniungere
1460 1502 1624 1547 posset.
1668 1501 1776 1541 Cum

143 1581 246 1610 vero
277 1571 432 1610 Ulixes
464 1572 662 1611 Ithacam
695 1574 1003 1622 reverteretur,
1036 1573 1296 1621 Polypoetes
1321 1575 1535 1613 remansit
1563 1586 1612 1615 ac
1639 1587 1775 1617 rema-

144 1657 246 1685 nere
293 1647 496 1697 debebat,
540 1648 696 1697 quippe
738 1649 811 1696 qui
854 1650 1023 1687 certum
1066 1649 1155 1687 iam
1188 1649 1232 1687 in
1266 1649 1363 1688 Orci
1395 1650 1563 1691 dicione
1594 1653 1776 1693 haberet

143 1725 287 1764 locum
315 1722 359 1771 ⁷).
416 1726 539 1765 Nunc
596 1737 766 1774 quoque
818 1726 1120 1774 intellegimus
1167 1726 1401 1766 Callidicen
1449 1727 1592 1776 ipsam
1637 1729 1774 1769 fuisse

143 1800 397 1849 Eurydicen.

202 1877 373 1917 Bellum
416 1878 599 1926 denique
632 1888 732 1917 cum
763 1878 922 1927 Brygis
953 1888 978 1916 a
1009 1878 1175 1917 Musaei
1206 1888 1335 1928 opere
1365 1879 1553 1919 fortasse
1584 1880 1774 1921 alienum

142 1955 248 1992 erat.
293 1953 375 1992 Sed
416 1954 632 1993 recentior
674 1955 824 1993 auctor
866 1954 1157 2003 Eugammon,
1194 1965 1293 1994 cum
1326 1955 1490 1994 Musaei
1521 1967 1698 1996 carmen
1730 1958 1773 1996 in

141 2038 272 2067 suum
314 2030 505 2067 verteret
545 2039 695 2078 usum,
738 2029 863 2068 facile
895 2029 1050 2068 adduci
1080 2030 1223 2078 potuit
1253 2033 1301 2069 ut
1334 2031 1385 2070 de
1416 2033 1638 2080 perpetuis
1668 2033 1772 2072 The-

141 2105 390 2153 sprotorum
422 2115 522 2143 cum
554 2104 793 2143 Thracibus
826 2105 1138 2144 certaminibus
1171 2106 1332 2154 aliquid
1358 2107 1701 2157 intermisceret;
1730 2109 1772 2149 in

141 2179 210 2217 his
241 2189 408 2228 quoque
436 2180 678 2219 Homerum
704 2181 923 2230 imitatus,
951 2181 1024 2228 qui
1051 2182 1095 2218 N
1118 2182 1202 2220 302
1231 2182 1435 2221 describit
1461 2184 1644 2223 Martem
1673 2195 1772 2224 cum

140 2254 379 2294 Thracibus
410 2256 597 2305 Ephyris
628 2256 791 2295 bellum
823 2257 1099 2296 inferentem.
1133 2258 1301 2306 Brygos
1333 2261 1499 2309 autem,
1534 2261 1606 2308 qui
1638 2261 1774 2301 Marte

187 2483 211 2524 ι)
235 2484 286 2516 Cf.
312 2485 537 2516 Griechische
563 2485 797 2524 Volksglaube
822 2495 900 2518 vom
925 2488 1134 2518 Totenreich
1157 2489 1191 2518 in
1216 2488 1345 2527 Nekyia
1370 2488 1558 2520 Dieterich.
1583 2500 1616 2530 p.
1639 2493 1678 2521 19
1698 2501 1775 2540 sqq.

184 2543 213 2585 2)
237 2547 339 2577 Paus.
366 2546 423 2584 IX,
450 2547 504 2587 31,
530 2547 559 2576 5.

183 2605 211 2646 ³)
235 2606 384 2638 Prodico
409 2606 588 2638 Phocaeo?
614 2606 666 2638 Cf.
690 2609 792 2639 Paus.
818 2609 875 2646 IV,
900 2610 954 2648 33,
981 2611 1010 2641 7.

184 2665 212 2707 ⁴)
235 2669 339 2699 Paus.
364 2669 405 2706 X,
432 2670 485 2708 28,
511 2670 540 2699 2.

185 2730 220 2760 C.
255 2730 292 2761 Ο.
327 2730 536 2760 Muellerum
572 2728 691 2761 Orch.²
714 2731 730 2761 I
761 2740 795 2770 p.
824 2732 863 2761 12
900 2730 1027 2762 iniuria
1062 2733 1261 2771 Minyadem
1298 2736 1333 2763 et
1364 2735 1494 2774 Ὀρφέως
1529 2737 1702 2775 κατάβασιν
1733 2739 1774 2770 εἰς

137 2789 254 2821 ’Λιδου
277 2800 339 2830 pro
362 2800 430 2822 uno
455 2791 649 2829 eodemque
673 2800 777 2830 opere
801 2791 968 2823 habuisse
992 2793 1172 2824 contendit
1195 2794 1356 2825 Rohdius
1383 2795 1514 2833 Psyche
1540 2795 1555 2824 I
1581 2794 1670 2825 302².

183 2848 211 2889 ⁵)
237 2849 363 2882 Kinkel
387 2852 405 2882 1
429 2861 463 2891 p.
489 2853 567 2882 215.

183 2908 211 2949 ⁶)
235 2912 390 2943 Rohdius
414 2913 549 2951 Psyche
574 2913 591 2943 I
616 2914 680 2943 303
706 2921 757 2951 sq.

181 2970 208 3011 ⁷)
233 2973 318 3003 Cum
343 2972 612 3011 Wilamowitzio,
637 2974 697 3012 qui
722 2973 832 3003 credit
854 2974 1054 3014 (crediditl’)
1078 2976 1302 3014 Polypoetem
1326 2985 1388 3015 pro
1404 2977 1612 3014 Ptoliporthi
1633 2976 1770 3007 nornine

135 3033 320 3072 irrepsisse
345 3035 459 3073 (Hom.
483 3035 619 3066 Unters.
643 3044 676 3073 p.
703 3034 794 3072 188),
818 3043 884 3065 non
911 3034 1012 3075 facio,
1036 3045 1149 3074 neque
1174 3038 1291 3073 Hofer,
1316 3036 1376 3067 alii
1400 3038 1452 3075 (R.
1476 3038 1513 3067 L.
1535 3038 1555 3067 i.
1580 3037 1639 3075 v.).

210 3091 397 3120 vunmnmu.
1630 3096 1662 3122 14
