2200 3487
458 334 538 371 156
1127 341 1180 368 DE
1213 341 1408 369 GAnnms.

450 456 624 494 nalibus
666 466 790 495 casas
822 456 1026 495 fronde-as
1058 465 1216 503 ponere
1244 455 1396 494 solitos
1428 455 1564 493 fuisse
1597 456 1748 494 doceat
1780 455 1937 492 Festus
1969 465 2003 492 s.
2038 465 2076 492 v.

450 531 624 569 umbrae
646 528 684 574 ¹).

508 607 653 654 Neque
697 607 788 644 iure
832 607 1077 653 suspicetur
1119 606 1334 653 quispiam
1383 605 1597 653 ordinem,
1647 615 1730 653 quo
1778 615 1853 653 per
1899 604 2078 642 umbras

448 681 810 719 distribuerentur
857 681 1076 728 Spartani,
1120 680 1280 718 referre
1323 680 1515 718 similem
1557 681 1754 718 ordinem
1798 680 1840 717 in
1883 680 2079 717 exercitu

447 757 675 794 usitatum.
714 755 824 794 Nam
866 765 1099 793 numerum
1141 765 1300 793 novem
1343 757 1547 793 sanctum
1591 755 1781 802 antiquis
1821 755 1865 792 in
1898 754 2076 803 ritibus,

445 831 601 877 quibus
634 830 815 868 militari
847 841 945 869 cum
979 841 1024 868 re
1053 840 1285 879 commune
1319 831 1411 868 erat
1436 830 1560 878 nihil,
1589 829 1859 878 permultum
1890 829 2080 868 valuisse

446 907 488 944 et
506 905 590 943 alia
609 900 638 948 2)
662 907 883 944 testantur
909 908 953 944 et
979 907 1103 944 docet
1129 905 1371 943 Pausanias
1398 905 1456 953 II,
1486 906 1554 943 31.
1584 908 1629 943 4:
1662 904 1755 953 „tor
1784 902 1825 942 δὲ
1850 904 2077 954 ἔμπροσθεν

445 985 514 1018 τοῦ
562 985 663 1018 ναοῦ
710 980 846 1029 λίθον,
893 981 1141 1030 καλούμενον
1189 977 1231 1017 δὲ
1278 979 1398 1028 ἱερόν,
1445 975 1547 1017 εἶναι
1593 978 1750 1030 λέγουσι
1791 976 1848 1029 ἐφ’
1895 974 1942 1018 οὗ
1983 977 2078 1018 ποτὲ

444 1053 588 1105 ἄνδρες
624 1055 868 1104 Τροιζηνίων
895 1053 1045 1093 ἐννέα
1072 1052 1258 1105 Ὀρέστην
1292 1054 1542 1105 ἐκάθηραν.”

505 1130 758 1170 Difficiliora
799 1134 947 1170 autem
990 1134 1095 1169 sunt
1135 1131 1345 1170 Demetrii
1389 1131 1521 1169 verba
1562 1141 1693 1178 quam
1725 1131 1865 1179 primo
1898 1132 2076 1179 aspectu

446 1207 660 1245 videntur.
709 1206 900 1255 Φρατρίαι
949 1207 1067 1245 enim
1111 1207 1210 1245 illae
1253 1207 1425 1245 aliunde
1462 1207 1504 1244 in
1537 1207 1982 1245 Lacedaemoniorum
2015 1217 2075 1244 re—

443 1282 614 1330 publica
656 1292 832 1330 prorsus
873 1283 1048 1330 ignotae
1091 1293 1200 1330 quae
1243 1286 1285 1320 et
1327 1282 1427 1329 quid
1466 1282 1645 1320 tandem
1678 1282 1885 1320 fuerunt?
1918 1281 2077 1330 Quodsi

441 1357 639 1405 scriptor,
670 1360 717 1395 ut
745 1368 782 1396 v.
813 1357 851 1396 d.
881 1358 1056 1405 quidam
1084 1358 1136 1395 ad
1160 1358 1318 1395 incitas
1336 1357 1502 1395 redacti
1519 1358 1854 1405 proposuerunt,
1875 1357 1955 1395 hac
1973 1366 2077 1395 voce

441 1431 696 1480 significarit
726 1433 823 1471 obas
855 1432 1094 1479 laconicas,
1125 1444 1146 1469 e
1175 1433 1468 1480 discrepantia
1496 1442 1605 1478 quae
1632 1436 1700 1470 est
1727 1432 1841 1470 inter
1862 1431 2076 1480 phratria-

449 1517 546 1545 rum
575 1518 806 1546 numerum
835 1518 995 1546 novem
1023 1512 1066 1546 et
1094 1508 1318 1546 lochorum
1347 1508 1469 1546 illum
1495 1509 1701 1555 quinque,
1722 1508 1879 1545 iterum
1899 1509 2079 1555 apparet

453 1582 719 1621 Carneorum
753 1583 914 1622 festum
950 1593 1034 1621 non
1068 1583 1203 1621 fuisse
1235 1581 1375 1631 ἑορτὴν
1408 1582 1687 1631 στρατιωτικὴν
1720 1582 1782 1620 καὶ
1817 1581 1988 1633 ἀγωγήν.

507 1659 588 1697 Sed
619 1659 655 1696 si
688 1659 1084 1706 praetermittimus
1115 1668 1225 1706 quae
1256 1659 1349 1696 sive
1381 1658 1589 1696 Demetrii
1622 1658 1748 1706 culpa
1779 1658 1873 1696 sive
1904 1660 2079 1706 propter

445 1734 801 1772 testimoniorum
844 1734 1074 1782 penuriam
1116 1737 1220 1772 sunt
1261 1734 1390 1772 dubia
1431 1736 1508 1772 aut
1549 1734 1751 1781 obscura,
1795 1735 1946 1772 manet
1976 1734 2076 1782 hoc,

445 1809 556 1857 quod
604 1810 712 1848 nulli
759 1820 842 1847 non
892 1809 1160 1847 dubitatione
1203 1811 1460 1857 exemptum
1504 1809 1738 1847 videbitur:
1783 1809 1962 1857 Spartae
2003 1820 2078 1858 per

446 1895 603 1924 novem
635 1886 728 1924 dies
760 1886 928 1923 mensis
961 1885 1113 1924 Carnei
1147 1886 1264 1923 viros
1291 1886 1344 1923 81
1375 1886 1574 1933 epulatos
1600 1896 1696 1924 esse
1724 1886 1766 1923 in
1785 1885 2079 1925 tabernaculis

445 1972 602 2000 novem
645 1972 848 2000 casarum
890 1962 1170 2000 frondearum
1203 1962 1511 2000 exhibentibus
1543 1962 1745 2001 formam.
1779 1962 1940 2001 Cenam
1977 1973 2079 2000 vero

443 2038 580 2076 fuisse
612 2036 802 2074 sobriam
834 2036 1078 2084 frug-alique
1105 2037 1385 2084 antiquorum
1413 2037 1634 2075 Laconum
1662 2047 1781 2075 more
1807 2038 2076 2085 institutam,

444 2113 543 2151 inde
576 2111 745 2150 efficere
776 2111 895 2158 licet,
926 2113 1037 2158 quod
1067 2111 1278 2149 Demetrii
1306 2112 1437 2149 verba
1463 2113 1576 2150 inter
1603 2112 1787 2150 aliorum
1816 2113 2077 2161 scriptorum

446 2191 653 2236 excerpta
694 2188 744 2225 de
783 2188 1061 2234 antiquorum
1094 2197 1215 2225 more
1249 2187 1427 2225 vivendi
1459 2187 1788 2236 simplicissimo
1822 2188 1998 2235 agentia
2028 2187 2080 2225 ab

446 2264 671 2302 Athenaeo
715 2265 818 2300 sunt
860 2264 1028 2300 inserta
1050 2258 1091 2307 ³).
1128 2262 1286 2310 Quodsi
1319 2273 1404 2300 non
1437 2273 1665 2320 perperam
1701 2265 1767 2301 est
1799 2263 2078 2301 observatum

445 2339 715 2376 Demetrium
759 2338 1042 2385 descripsisse
1074 2338 1166 2376 dies
1199 2338 1337 2375 festos
1369 2338 1520 2384 quales
1550 2348 1628 2376 sua
1661 2340 1803 2376 aetate
1836 2341 2082 2386 agerentur,

448 2414 732 2452 admiratione
774 2423 879 2452 sane
923 2414 1079 2461 dignus
1122 2415 1190 2451 est
1232 2414 1343 2451 ritus
1385 2413 1625 2451 immobilis
1657 2414 1825 2461 sibique
1857 2415 2083 2461 constans,

447 2490 536 2537 qui,
587 2500 684 2528 cum
732 2489 1178 2527 Lacedaemoniorum
1225 2499 1371 2527 mores
1419 2489 1471 2526 ad
1511 2490 1727 2528 deteriora
1767 2489 2080 2538 pedetemptim

443 2564 712 2602 declinarent
745 2566 788 2601 et
820 2563 1119 2612 dissolutiora,
1154 2564 1346 2602 servarit
1376 2564 1564 2611 priscam
1598 2565 1741 2602 victus
1772 2564 2051 2602 tenuitatem.

494 2732 518 2771 l)
545 2734 772 2763 conferantur
795 2735 911 2773 χλωραὶ
938 2734 1060 2767 σκιάδες
1084 2737 1212 2773 μαλακῷ
1237 2738 1410 2774 βρίθουσαι
1430 2736 1539 2773 ἀνήθῳ
1560 2733 1707 2764 Adonidi
1725 2735 1757 2763 in
1772 2735 1934 2764 honorem
1950 2735 2084 2772 positae

447 2793 604 2834 (Theoor.
637 2794 705 2831 XV,
739 2792 814 2833 119)
848 2796 881 2822 et
914 2802 1026 2823 mores
1059 2795 1322 2823 Proezeniorum
1349 2795 1513 2833 descripti
1537 2804 1555 2824 a
1579 2796 1749 2824 Pausania
1774 2795 1819 2827 II.
1843 2796 1896 2833 31,
1922 2796 1952 2825 8.
1978 2795 2082 2825 Plura

447 2855 608 2892 praebuit
632 2855 791 2892 Toepffer
817 2856 852 2884 A.
879 2855 922 2883 M.
946 2855 1034 2890 XVI,
1061 2856 1122 2884 413
1149 2863 1224 2892 sqq.

491 2913 516 2953 ²)
542 2916 640 2944 Hom.
674 2928 691 2951 γ
725 2915 742 2944 ’7
776 2923 850 2952 sqq.
883 2914 964 2944 Vide
995 2923 1132 2952 quoque
1161 2916 1257 2944 Paus.
1291 2915 1365 2951 VII,
1392 2916 1444 2947 20.
1471 2917 1504 2949 1;
1530 2916 1743 2945 Roscherum
1770 2916 1803 2944 in
1829 2918 2012 2945 comment.
2037 2916 2080 2946 de

445 2975 608 3005 Enneade
634 2978 702 3004 eto.

487 3034 515 3073 ³)
539 3034 624 3065 Vide
650 3045 754 3074 quam
780 3036 894 3066 sobrie
922 3036 1174 3073 frugaliterque
1199 3037 1449 3067 Dioscurorum
1475 3037 1633 3067 convivia
1659 3046 1797 3076 semper
1824 3039 1906 3067 sunt
1929 3039 2015 3067 acta.
