2141 3487
800 330 851 358 DE
885 332 1030 361 AIACE.
1671 330 1724 368 97

100 440 294 487 nympha
335 443 429 479 erat
470 441 550 479 sub
583 443 707 481 cuius
739 444 879 482 tutela
921 444 1103 483 florebat
1134 446 1348 486 Arcadiae
1381 449 1484 488 urbs
1515 461 1648 499 prope
1681 454 1733 492 ab

99 512 372 555 Orchomeno
406 518 574 565 Καφύαι
607 518 750 563 (Faus.
784 519 898 567 VIII,
938 522 1004 568 13,
1039 522 1093 564 3).
1130 522 1211 560 Sed
1237 523 1280 560 in
1310 524 1380 562 via
1403 534 1512 572 quae
1541 525 1731 576 Caphyis

99 587 421 630 Orchomenum
464 593 582 632 ducit
627 594 794 644 Ἀγχισία
837 608 875 632 τε
917 592 1007 645 ὄρος
1040 595 1105 633 καὶ
1139 597 1315 648 Ἀγχίσου
1348 599 1484 649 μνῆμά
1515 599 1620 639 ἐστιν
1651 602 1731 643 ὑπὸ

97 669 166 700 τοῦ
201 663 319 714 ὄρους
351 671 431 713 τοῖς
464 669 594 706 ποσίν.
628 667 680 715 ὡς
713 668 788 721 γὰρ
823 668 872 719 δὴ
905 668 1101 720 ἐκομίζετο
1135 670 1173 717 ἐς
1200 674 1391 711 Σικελίαν
1419 672 1620 723 ὁΑἰνείας
1647 678 1732 730 ἔσχε

96 741 181 785 ταῖς
218 741 363 780 ναυσὶν
406 742 443 789 ἐς
486 744 558 793 τὴν
601 744 850 795 Λακωνικὴν
891 744 958 784 καὶ
989 745 1057 784 τὸν
1089 745 1238 798 πατέρα
1272 749 1451 800 Ἀγχίσην
1484 751 1629 791 αὐτόθι
1661 761 1731 793 τοῦ

96 815 188 863 βίου
220 824 265 872 τῇ
296 822 453 873 τελευτῇ
485 821 736 870 χρησάμενον
769 820 927 870 ἔθαψεν
960 820 1152 860 ἐνταῦθα.

157 893 330 933 Scimus
371 895 579 935 Anchisis
618 898 786 946 patrem
829 898 967 937 fuisse
1011 898 1179 948 Capyn,
1223 910 1383 939 nomen
1418 912 1519 945 cum
1554 903 1731 953 Gaphya

97 968 357 1009 cohaerens:

276 1045 511 1095 Ἀσσάρακος
545 1044 588 1084 δὲ
621 1047 788 1096 Κάπυν,
820 1045 840 1086 ὅ
874 1044 910 1085 δ’
947 1045 1003 1098 ἄρ’
1045 1048 1224 1099 Ἀγχίσην
1253 1046 1355 1088 ’τέκε
1389 1052 1527 1091 παῖδα.

92 1119 222 1158 Hisce
255 1123 492 1170 perspectis
524 1123 805 1172 intellegitur,
841 1134 915 1162 cur
947 1124 999 1162 ad
1033 1124 1276 1164 Maenalum
1310 1130 1509 1167 montem
1538 1130 1725 1170 abduxe.

91 1197 148 1235 rit
181 1198 395 1244 virginem
427 1199 634 1247 Iuppiter.
673 1200 755 1238 Hic
787 1199 904 1238 enim
937 1201 1080 1248 patria
1112 1201 1207 1239 eius
1240 1205 1347 1241 erat.
1379 1203 1493 1242 Item
1528 1210 1729 1257 apparet,

91 1273 202 1320 quod
234 1274 308 1312 alii
340 1274 425 1313 alio
468 1275 595 1314 modo
628 1275 885 1324 probarunt,
920 1276 1136 1315 Azaniam
1169 1277 1195 1316 i.
1225 1288 1259 1316 e.
1294 1279 1521 1327 regionem
1555 1280 1729 1321 Pheneo

93 1348 449 1397 Orchomenoque
508 1351 698 1390 vicinam
752 1351 1031 1399 genealogice
1083 1362 1183 1390 cum
1226 1353 1407 1393 Locride
1450 1356 1589 1395 fuisse
1633 1368 1728 1396 con-

91 1424 301 1463 iunctam.
335 1426 419 1464 Sed
451 1426 504 1464 ad
536 1437 630 1465 rem
663 1428 954 1464 revertamur.

149 1500 312 1539 Locrus
344 1511 449 1539 mox
483 1512 582 1540 cum
617 1501 787 1549 Opunte
820 1500 908 1540 filio
940 1511 1019 1539 suo
1048 1502 1308 1542 discordans
1335 1506 1526 1552 patriam
1554 1509 1730 1557 reliquit

91 1577 135 1612 et
167 1576 341 1614 oraculo
372 1577 520 1615 iussus
554 1577 706 1615 urbem
741 1576 951 1625 condidit,
986 1576 1057 1614 ubi
1085 1587 1234 1617 acane
1261 1579 1404 1627 ligneo
1431 1591 1607 1622 morsus
1635 1587 1729 1624 erat

93 1647 349 1700 ὑπερβαίνων
383 1651 437 1698 εἷς
470 1651 541 1701 τὴν
573 1650 710 1702 ἑτέραν
742 1652 957 1690 θάλασσαν
1001 1653 1129 1700 (qUOd
1165 1638 1355 1702 explicat
1386 1656 1587 1697 EUSlath.
1622 1661 1654 1696 Β
1686 1671 1726 1708 p.

93 1725 176 1764 277
212 1727 377 1766 Verbis:
423 1727 475 1773 εἰς
518 1726 563 1764 τὰ
596 1726 694 1777 πρὸς
726 1725 900 1777 ἑσπέραν
934 1733 1002 1765 τοῦ
1038 1730 1313 1777 Παρνασσοῦ).
1347 1731 1460 1770 Pede
1493 1734 1610 1772 enim
1644 1735 1726 1774 lae·

91 1811 167 1840 SUS
214 1802 320 1842 rubo
368 1804 522 1842 canino
567 1804 610 1842 in
655 1803 830 1841 OZOlide
874 1801 1000 1840 ἔκτισε
1031 1806 1164 1849 πολεῖς
1201 1805 1375 1851 Φυσκεῖς
1408 1805 1474 1844 καὶ
1500 1804 1728 1848 (Τάνθειαν.

91 1879 305 1918 Effecerat
351 1880 519 1918 scilicet
566 1891 587 1918 e
633 1880 731 1918 rubi
774 1880 952 1918 nomine
993 1880 1229 1934 κυνοσβάτῳ
1272 1881 1389 1920 hunc
1431 1893 1529 1922 esse
1573 1894 1728 1924 canem

92 1964 220 2002 quem
255 1955 480 1994 oraculum
514 1955 703 1994 volebat.

149 2030 352 2069 Vidimus
399 2032 532 2079 igitur
574 2042 628 2070 ex
670 2031 752 2070 hoc
794 2031 1024 2070 nominum
1059 2032 1275 2082 catalogo,
1312 2035 1424 2080 quod
1457 2038 1726 2083 exspectavi-

91 2117 208 2155 mus,
243 2108 476 2154 utramque
509 2107 734 2145 Locridem
769 2107 954 2145 eandem
987 2107 1292 2156 genealogiam
1327 2119 1424 2147 esse
1453 2111 1726 2159 amplexam;

91 2183 210 2222 hisce
253 2185 403 2222 autem
444 2193 544 2222 cum
586 2183 839 2236 regionibus
877 2185 1224 2223 connectendam
1259 2196 1356 2224 esse
1389 2187 1604 2226 Arcadiae
1636 2198 1729 2236 par-

90 2261 182 2297 tem
225 2258 629 2307 septentrionalem.
674 2259 874 2307 Exempli
919 2269 1051 2297 causa
1092 2260 1208 2308 apud
1244 2261 1541 2309 Pherecydem
1576 2263 1727 2308 (schol.

89 2337 109 2372 λ
143 2335 242 2379 825)
274 2336 437 2373 Locrus
470 2334 592 2373 audit
626 2334 742 2373 filius
774 2335 891 2373 Iovis
925 2336 968 2373 et
999 2335 1184 2374 Maerae.
1224 2336 1326 2374 Erat
1359 2337 1503 2375 Maera
1535 2337 1611 2376 illa
1642 2348 1728 2377 non

91 2410 237 2449 Proeti
268 2410 420 2458 Argivi
437 2409 526 2447 filia
551 2410 627 2448 sed
655 2410 871 2459 Atlantis,
899 2404 946 2460 ἧς
975 2409 1024 2460 δὴ
1051 2408 1307 2462 καὶΓΌμηρος
1327 2409 1541 2461 ἐποιήσατο
1566 2413 1729 2463 μνήμην

92 2483 134 2522 ἐν
171 2481 392 2530 Ὀδυσσέως
434 2484 565 2535 λόγοις
606 2484 706 2535 πρὸς
753 2484 948 2523 Ἀλκίνοον
990 2485 1083 2535 περί
1121 2500 1159 2523 τε
1193 2483 1292 2524 ὁδοῦ
1324 2492 1392 2536 τῆς
1427 2486 1463 2533 ἐς
1484 2485 1630 2537 ’Ἅιδην
1663 2487 1728 2526 καὶ

90 2557 250 2598 ὅττόσων
284 2559 478 2598 ἐθεάσατο
513 2558 597 2598 ἐκεῖ
625 2558 692 2605 τὰς
725 2559 857 2610 ψυχάς
890 2561 1035 2606 (Faus.
1070 2561 1186 2609 VIII,
1222 2562 1292 2610 48,
1329 2564 1384 2606 6).

153 2636 236 2674 Ubi
277 2646 380 2674 vero
424 2636 596 2684 sepulta
636 2635 805 2674 iacebat
840 2636 1015 2674 Maera?
1051 2636 1259 2686 Τεγεάταις
1291 2642 1362 2674 τοῦ
1394 2636 1515 2688 λόγου
1549 2637 1591 2676 τὸ
1625 2637 1727 2685 εἰκὸς

92 2709 225 2748 ἕπεται
259 2712 429 2761 Μαῖραν
461 2709 532 2760 τὴν
558 2709 767 2756 Ἄτλαντος
795 2710 903 2760 παρὰ
937 2711 1052 2759 σφίσι
1077 2717 1256 2761 ταφῆναι
1284 2713 1428 2757 (PaUS.
1447 2713 1561 2762 VIII,
1585 2712 1650 2763 12,
1673 2716 1726 2759 7).

91 2787 141 2825 In
172 2787 268 2834 ipsa
298 2786 431 2834 igitur
464 2786 650 2825 Maenali
683 2787 849 2825 montis
881 2786 1061 2825 vicinia!

153 2861 402 2909 Stephanus
448 2862 552 2910 Byz.
604 2862 756 2900 habet:
809 2860 1182 2909 Καφυαί....ἀπὸ
1231 2861 1416 2912 Κηφέως.
1465 2863 1627 2902 Verum
1673 2875 1726 2903 an

91 2947 220 2975 secus
247 2937 464 2974 transitus
507 2936 555 2975 fit
598 2937 650 2975 ad
685 2936 907 2984 Cepheum
940 2937 1035 2975 Alei
1067 2936 1208 2976 filium
1242 2938 1410 2986 Tegeae
1442 2940 1616 2990 natum,
1654 2940 1727 2986 qui

90 3014 138 3050 ut
169 3014 317 3049 narrat
351 3012 672 3059 [Apollodorus]
708 3012 762 3056 (H
784 3012 879 3056 143)
909 3012 1142 3051 Herculem
1175 3013 1345 3051 adiuvit
1376 3013 1418 3051 in
1449 3014 1726 3061 expeditione

170 3080 363 3108 Vi'm'rmzm.
1604 3083 1620 3110 7
