2141 3487
827 317 880 345 DE
914 317 1058 345 AIACE.
1675 308 1753 345 127

131 439 235 477 sunt
297 439 430 476 ortae.
497 435 725 473 Furiarum
791 432 982 471 vestitus
1039 431 1204 469 indicat
1260 430 1428 478 puellas
1480 429 1578 468 illas
1625 430 1760 469 fuisse

130 512 412 562 φαιοχίτωνας,
455 510 767 559 μελανείμοναςς
809 506 942 556 θρόνα
990 505 1273 555 φαρμακτήρια
1317 505 1614 543 medicamina
1659 509 1764 543 sunt

129 600 183 627 ex
232 588 377 627 herbis
419 585 683 632 floribusque
727 583 926 622 confecta
967 582 1036 627 (cf.
1069 582 1207 620 Nonn.
1251 581 1428 628 Dionys.
1464 581 1534 628 37,
1568 581 1652 618 415
1694 581 1760 619 vel

131 665 309 703 Theocr.
343 663 397 710 II,
431 662 505 701 59:
543 666 618 698 νῦν
652 657 694 698 δὲ
726 659 894 709 λαβοῖσα
929 657 974 696 τὺ
1007 656 1053 694 τὰ
1086 656 1217 706 θρόνα
1246 652 1360 693 ταῦθ’
1398 654 1605 704 ὑπόμαξον
1638 659 1759 704 εἴα),

129 739 286 787 quibus
332 737 490 776 faciem
534 736 762 784 tingebant
803 735 873 780 (cf.
916 733 1051 772 schol.
1085 733 1138 771 ad
1173 743 1235 770 vs.
1275 732 1387 770 1138
1424 754 1473 759 —
1510 734 1662 770 auctor
1694 734 1763 770 est

128 815 335 853 Timaeus
369 836 422 841 —
458 810 778 861 ὑπαληλιμμέναι
810 809 852 848 τὸ
884 808 1102 859 πρόσωπον
1134 814 1275 860 πυρρῷ
1307 822 1384 844 τινι
1415 806 1622 856 χρώματι);
1651 807 1761 854 quod

129 891 180 929 ad
215 889 365 939 ἐσθῆτα
397 886 621 937 πεπαμέναι
656 887 833 935 attinet,
869 885 1119 924 conferatur
1151 883 1374 931 Aristoph.
1408 883 1488 921 Av.
1518 893 1580 920 vs.
1601 883 1685 921 943
1718 884 1761 921 in

128 977 289 1006 comm.
327 965 659 1004 Leeuweniana.
693 963 853 1001 Eodem
896 961 1026 999 verbo
1068 961 1207 998 utitur
1246 959 1503 1007 Lycophron
1544 969 1633 997 vss.
1677 959 1760 997 354

128 1045 171 1081 et
213 1042 312 1080 457.
357 1041 561 1088 Legimus
602 1039 774 1086 quidem
819 1038 862 1075 in
907 1036 1055 1075 Mirab.
1099 1037 1231 1074 Ausc.
1269 1036 1350 1073 109
1384 1034 1576 1073 Daunios
1609 1044 1797 1073 omnes.

128 1120 219 1156 tam
270 1117 386 1155 viros
427 1126 558 1163 quam
606 1114 813 1152 mulieres
859 1113 969 1151 atris
1017 1111 1213 1150 vestibus
1260 1111 1396 1149 fuisse
1447 1111 1637 1159 indutos,
1686 1111 1762 1149 sed

128 1192 427 1241 Lycophronis
468 1193 619 1229 textus
661 1190 785 1228 docet
829 1198 928 1227 eum
965 1187 1122 1226 saltem
1158 1187 1378 1234 cogitasse
1411 1186 1461 1224 de
1493 1185 1766 1224 Cassandrae

126 1268 409 1317 supplicibus·

189 1345 311 1383 Talia
358 1347 505 1382 autem
547 1352 663 1380 nunc
706 1341 942 1379 mittimus.
992 1339 1174 1378 Constat
1216 1339 1428 1386 virgineS,
1462 1347 1572 1385 quae
1606 1347 1630 1375 a
1663 1336 1764 1376 Cas-

131 1421 292 1459 sandra
334 1421 485 1458 contra
526 1418 862 1456 matrimonium
906 1417 1108 1464 peterent
1149 1415 1382 1461 auxilium,
1426 1414 1535 1452 atris
1569 1413 1765 1452 vestibus

130 1496 268 1535 fuisse
316 1495 508 1533 indutas.
567 1494 648 1531 Pro
701 1492 868 1539 reliqua
921 1492 1014 1529 vita
1060 1491 1103 1529 in
1152 1490 1257 1529 aede
1303 1489 1500 1528 numinis
1541 1488 1765 1538 ἱερόδουλοι

131 1571 272 1610 factae
300 1569 542 1609 manebant
567 1567 751 1618 ἅδμητες.
782 1568 863 1607 Sed
883 1567 1100 1615 quodnam
1119 1566 1454 1605 matrimonium
1475 1564 1770 1612 effugiebant?

130 1647 272 1685 Verba
313 1646 614 1694 Lycophronis
657 1647 783 1683 sunt:
824 1642 865 1681 τὸ
897 1641 1144 1692 παρθένειον
1179 1640 1319 1692 ζυγόνῐ
1356 1641 1464 1679 Mira
1496 1641 1650 1679 dictio:
1685 1641 1766 1678 vir-

128 1722 274 1771 ginale
303 1722 454 1770 iugum
483 1731 559 1769 pro
588 1719 885 1758 matrimonio.
922 1719 979 1756 At
1007 1719 1137 1756 dictio
1165 1720 1231 1755 est
1259 1727 1390 1765 quam
1419 1717 1532 1765 apud
1565 1718 1767 1754 nostrum

130 1800 354 1837 auctorem
397 1807 483 1836 non
528 1796 723 1834 mireris!
769 1795 882 1834 Fieri
915 1796 1075 1842 potest.
1110 1794 1258 1840 Neque
1302 1795 1452 1830 tamen
1484 1791 1767 1829 reticebimus

131 1873 264 1911 aliam
312 1872 668 1921 explicationem.
720 1871 852 1920 Quid,
899 1870 937 1908 si
978 1871 1089 1918 apud
1137 1869 1332 1907 Daunios
1373 1877 1543 1914 quoque
1576 1869 1624 1904 ut
1658 1867 1769 1914 apud

131 1948 442 1997 Epizephyrios
483 1948 721 1987 obtinuerit
764 1957 861 1986 mos
904 1952 972 1984 τοῦ
1014 1944 1081 1991 τὰς
1124 1944 1246 1995 κόρας
1287 1943 1491 1992 ἀφοσιοῠν
1524 1940 1769 1994 ἓταιρισμῷῗ)

132 2024 252 2072 quid,
293 2026 330 2062 si
364 2024 556 2062 Dauniae
589 2033 759 2070 quoque
792 2023 1021 2061 debuerint
1053 2020 1157 2067 ἅπαξ
1191 2019 1232 2059 ἐν
1265 2026 1311 2073 τῇ
1345 2018 1415 2073 ξόῃ
1449 2021 1645 2068 μιχθῆναι
1676 2018 1769 2056 viro

131 2100 303 2139 alieno?
343 2099 496 2138 Nonne
538 2099 626 2137 tale
671 2097 863 2136 officium
908 2098 1053 2146 potius
1095 2107 1228 2144 quam
1262 2094 1598 2134 matrimonium
1633 2093 1768 2132 nomi·

133 2176 308 2215 naveris
361 2175 538 2224 „iugum
587 2175 822 2223 viryinale?
885 2174 1035 2212 Nonne
1083 2173 1290 2220 virgines,
1344 2181 1453 2219 quae
1499 2170 1632 2208 talem
1677 2179 1769 2207 rem

133 2251 324 2299 effugere
367 2252 551 2289 conatae
596 2249 868 2288 Cassandrae
912 2249 964 2286 ad
1007 2248 1158 2286 aedem
1205 2246 1513 2294 confugerent,
1558 2245 1642 2294 ipsi
1674 2243 1771 2283 Cas-

131 2326 318 2365 sandrae
360 2325 581 2364 Minervae
621 2325 673 2362 ad
717 2334 838 2363 arani
872 2324 1059 2371 fugienti
1091 2322 1345 2360 simillimas
1378 2320 1573 2359 dixeris?
1606 2320 1768 2358 Morem

132 2402 375 2441 solemnem
424 2400 739 2448 infringebant,
781 2401 845 2448 at,
890 2409 943 2437 ne
987 2398 1067 2436 dea
1110 2398 1279 2446 patriae
1324 2397 1429 2434 vitio
1472 2396 1514 2434 id
1558 2397 1767 2443 verteret,

132 2477 394 2525 semetipsas
427 2476 599 2514 numini
632 2475 867 2524 dedebant,
901 2475 996 2512 tota
1028 2473 1140 2521 vita,
1172 2482 1327 2511 severa
1354 2473 1581 2523 castitate,
1607 2481 1770 2519 poenas

134 2553 370 2591 solventes.
414 2551 496 2590 Sed
538 2550 649 2598 quod
692 2550 814 2587 initio
858 2549 1102 2597 virginibus
1145 2547 1315 2586 cunctis
1369 2547 1512 2585 fuerat
1552 2546 1768 2594 refugium

134 2628 415 2667 volventibus
462 2627 590 2665 annis
638 2625 953 2664 nonnullarum
1001 2623 1133 2662 fiebat
1180 2621 1393 2672 ἀφοσίωμα
1441 2631 1557 2660 nova
1604 2621 1773 2659 ratione

134 2704 425 2752 explicatum;
474 2703 641 2749 aliquot
688 2702 881 2749 virgines
929 2700 1192 2739 ancillarum
1245 2698 1436 2738 officium
1481 2698 1524 2735 in
1573 2706 1619 2735 se
1665 2697 1769 2735 reci-

135 2780 305 2828 pientes
337 2778 600 2817 sacrificium
634 2776 892 2816 avertebant
924 2778 1168 2814 ceterarum
1201 2775 1413 2813 omnium.

196 2855 266 2893 Sic
307 2855 422 2893 inter
464 2854 599 2892 ritum
643 2853 879 2891 Troianum
923 2852 966 2889 et
999 2861 1165 2889 morem
1198 2850 1434 2888 Locrorum
1467 2847 1770 2895 Epizephyrio-

136 2940 234 2969 rum
288 2929 506 2969 terminus
558 2928 729 2967 medius
775 2926 824 2965 fit
866 2926 1135 2964 consuetudo
1177 2924 1460 2963 Dauniorum.
1503 2922 1593 2960 Dea
1628 2921 1768 2960 fecun-

137 3005 289 3043 ditatis
336 3004 558 3052 virginum
604 3003 799 3042 omnium
845 3001 981 3049 exigit
1023 3000 1153 3049 ζώνην
1196 3000 1311 3037 inter
1348 2997 1681 3046 Epizephyrios;
1730 2997 1772 3034 in
