2200 3487
447 352 500 391 84
1143 365 1193 394 DE
1225 365 1370 394 ArAcE.

444 480 511 516 est
547 478 728 526 Opuntia
761 479 830 517 Sic
861 479 1117 518 devenimus
1146 481 1198 518 ad
1232 481 1471 519 Locridem.
1499 482 1647 528 Neque
1679 482 1840 520 mirum
1869 481 2012 530 fuerit,
2032 482 2069 519 si

445 554 719 593 Hodoidokos
756 555 833 592 IIei
865 555 1094 593 Locrensis
1127 557 1251 604 pater
1281 556 1396 594 idem
1429 557 1487 594 sit
1519 566 1568 594 ac
1601 557 1768 605 Oxylus
1801 554 1819 594 ὁ
1852 556 2068 605 τριόφθαλ-

443 647 515 681 μος
559 631 626 669 vel
668 628 687 667 ὅ
730 630 847 680 τρίοψ
895 630 963 668 vel
1012 628 1030 667 ὁ
1072 630 1245 679 τριόπας.
1299 631 1511 679 Triopium
1565 643 1666 671 vero
1714 633 2067 681 promunturium

445 708 742 747 Halicarnasso
789 706 980 744 vicinum
1029 707 1169 744 denuo
1217 707 1268 744 ad
1315 707 1444 745 Asiae
1486 707 1630 746 locum
1669 708 1918 746 Telamonis
1951 707 2067 746 cultu

441 786 659 833 insignem
692 794 771 822 nos
804 782 991 820 abducit.

500 861 668 899 Usener
714 859 756 896 in
800 858 1169 896 commentatione
1213 857 1450 895 utilissima
1497 857 1606 905 „Der
1641 858 1754 896 Stoff
1782 859 1857 896 des
1891 859 2067 906 griechi-

439 936 572 975 schen
615 935 727 983 Epos
759 945 796 982 p.
833 931 887 973 25
916 934 1037 980 sqq.”
1078 932 1207 980 Oxyli
1251 933 1319 971 vel
1363 932 1612 971 Hodoedoci
1645 934 1846 971 naturam
1881 934 2067 981 detegit:

437 1013 506 1049 est
538 1011 642 1049 deus
675 1008 898 1057 φιλόξενος,
931 1009 1186 1055 clithonius‚
1221 1007 1431 1046 mortales
1461 1018 1613 1046 omnes
1643 1009 1884 1057 excipiens,
1920 1009 2068 1048 Orcus.

495 1085 618 1124 Unde
675 1084 870 1131 sequitur
928 1084 1068 1121 Ileum
1119 1083 1185 1121 vel
1235 1083 1407 1121 Oileum
1457 1083 1553 1122 Orci
1601 1083 1737 1122 fuisse
1785 1083 1938 1122 filium.
1985 1084 2067 1122 Ubi

436 1160 635 1198 habitat?
667 1160 715 1198 In
748 1159 902 1208 oppido
935 1159 1141 1198 Locrensi
1174 1159 1353 1206 Naryce,
1390 1158 1461 1196 ubi
1496 1160 1539 1196 et
1571 1159 1750 1197 Aiacem
1785 1162 1939 1198 natum
1973 1170 2069 1199 esse

434 1236 591 1275 statuit
624 1236 868 1284 Stephanus
902 1236 1004 1282 ByZ.
1039 1235 1159 1273 hisce
1187 1234 1355 1272 verbis:
1379 1234 1559 1282 ηΝᾶρυξ·
1588 1233 1700 1279 πόλις
1729 1233 2066 1284 Λοκρίδος,τιι>ές

435 1309 476 1349 δὲ
522 1311 732 1360 Ναρύκιον
776 1310 846 1360 τὴν
889 1310 1006 1348 πόλιν
1050 1308 1175 1358 φασὶν
1219 1308 1256 1356 ἐξ
1299 1303 1346 1358 ἧς
1380 1308 1523 1354 Αἶάς”.
1567 1309 1627 1348 De
1662 1310 1741 1348 hOC
1775 1311 1930 1358 oppido
1963 1311 2066 1349 Fick

433 1387 658 1426 observat:
703 1386 871 1436 ,,Νᾶρυξ
915 1396 968 1424 an
1007 1386 1081 1424 der
1113 1386 1398 1424 Heerstrasze
1430 1395 1514 1423 von
1548 1385 1730 1423 Trachis
1763 1386 1874 1424 nach
1906 1385 2068 1424 Phokis

431 1459 498 1507 (cf.
533 1472 665 1510 supra
697 1461 929 1509 Teuthras,
975 1461 1186 1509 Trechus,
1233 1460 1410 1499 Orestes
1455 1462 1491 1496 E
1524 1461 1607 1498 7Οό
1643 1464 1722 1507 sq.)
1767 1461 1937 1499 enthalt
1974 1461 2065 1499 das-

432 1538 551 1577 selbe
600 1539 888 1576 Stammwort
934 1536 1017 1574 wie
1064 1536 1326 1584 Naryandus
1369 1536 1412 1574 in
1457 1536 1663 1574 Karien”.
1707 1536 1924 1584 Suspicati
1968 1538 2073 1574 sunt

431 1625 470 1653 v.
508 1614 546 1652 d.
581 1613 778 1652 hodierni
813 1623 846 1651 e.
881 1623 920 1661 g.
955 1614 1117 1651 Jensen
1151 1613 1209 1658 (Z.
1243 1613 1291 1651 D.
1327 1613 1379 1651 M.
1412 1612 1458 1651 G.
1488 1614 1543 1651 48
1577 1623 1615 1660 p.
1645 1614 1744 1657 477)
1780 1612 1934 1660 oppida
1961 1612 2067 1650 desi-

431 1689 580 1728 nentia
611 1690 655 1727 in
688 1687 811 1735 αυὸα,
839 1687 951 1737 avda,
978 1687 1080 1726 ονδα
1108 1688 1190 1727 hoc
1218 1687 1379 1727 suffixo
1408 1689 1636 1737 designare
1664 1689 1860 1736 „urbem,
1881 1687 2069 1726 locum”.

429 1758 691 1813 Ναρυ-ανδος
738 1765 871 1813 igitur
917 1765 1081 1803 indicat
1128 1765 1274 1803 locum
1317 1775 1492 1803 sacrum
1535 1765 1660 1813 genio
1706 1764 1896 1812 cuidam,
1944 1764 2068 1802 cuius

429 1840 746 1888 appellativum
791 1850 891 1878 cum
926 1846 1030 1893 νᾶρῷ
1068 1840 1274 1888 „fluvio”‚
1311 1846 1448 1892 ιάσμῷ
1486 1840 1663 1888 „fonte”
1700 1839 1916 1878 cohaeret.
1953 1838 2072 1887 Quod

430 1915 482 1953 ad
531 1915 697 1954 formas
746 1915 1051 1965 Νᾰρυξ-Νᾶρυς
1095 1917 1254 1954 attinet
1299 1916 1560 1954 conferenda
1604 1917 1708 1953 sunt
1738 1915 1918 1953 nomina
1950 1914 2055 1953 Aiac

432 1989 557 2039 Αἴας,
600 1987 834 2029 Πίίατ-Ὀὸυσ
846 1991 950 2037 σεύς.
986 1990 1094 2030 Cum
1122 1991 1301 2029 nornine
1329 1991 1496 2039 Naryce
1524 1992 1756 2029 cohaerere
1785 1992 1888 2039 puto
1916 1989 2068 2040 Νάρων

426 2066 588 2105 flumen
631 2066 876 2106 Dalmatiae
920 2066 1076 2111 (Strab.
1111 2066 1203 2115 VH,
1240 2067 1353 2114 315),
1398 2068 1489 2116 Νᾶρ
1523 2067 1686 2105 fiumen
1720 2066 1874 2104 Italiae
1908 2065 2062 2110 (Strab.

427 2141 462 2178 V
497 2142 610 2186 227).
646 2142 709 2179 Ab
743 2142 898 2181 eadem
932 2142 1076 2180 radice
1106 2142 1346 2180 deveniunt
1374 2142 1535 2190 Νηρεὺς
1566 2142 1632 2186 (cf.
1663 2142 1746 2180 adi.
1767 2140 1889 2191 ναρός
1907 2142 2065 2181 Aesch.

427 2216 476 2254 fr.
513 2218 620 2264 347;
657 2217 785 2266 Soph.
819 2217 870 2256 fr.
907 2219 991 2256 569
1022 2214 1136 2265 (iNf2);
1167 2227 1396 2265 neograec.
1428 2217 1515 2267 ιιερό
1544 2221 1688 2266 aqua),
1718 2216 1943 2266 ijptuogm
1963 2217 2062 2265 377,

428 2290 604 2341 Νήριτος
647 2291 667 2342 ῥ
703 2293 802 2341 207,
854 2292 1035 2342 Νήριτον
1085 2303 1214 2331 mons
1262 2293 1440 2331 Ithacae
1488 2294 1519 2329 B
1552 2293 1652 2331 632.
1702 2292 1878 2330 Radicis
1925 2292 2066 2330 forma

427 2366 761 2414 simplicissima
793 2378 879 2407 non
914 2370 983 2407 est
1018 2383 1089 2414 νας
1124 2371 1173 2419 (ρ)
1207 2369 1283 2407 sed
1317 2383 1387 2417 να,
1418 2382 1471 2405 νε.

486 2443 596 2481 Aiax
643 2442 777 2490 igitur
825 2445 956 2482 natus
1005 2446 1073 2483 est
1119 2444 1240 2492 „loco
1285 2454 1421 2491 aquae
1466 2444 1607 2489 (fonti)
1652 2443 1839 2482 vicino”.
1874 2443 1990 2481 Fons
2025 2445 2069 2481 et

427 2516 548 2555 locus
598 2518 704 2556 Orco
755 2528 876 2557 sacer
924 2520 1100 2567 saepius
1149 2519 1474 2567 coniunguntur
1525 2530 1559 2559 e.
1587 2530 1628 2567 g.
1670 2519 1797 2557 Paus.
1840 2519 1871 2567 Ι,
1918 2519 2062 2567 38,5;

427 2591 640 2641 Theophr.
691 2593 741 2631 H.
777 2594 838 2632 Pl.
874 2595 910 2643 Ι,
948 2597 991 2642 9,
1028 2597 1076 2641 5;
1123 2594 1284 2633 Athen.
1325 2594 1418 2642 XV,
1455 2595 1509 2633 62
1545 2604 1582 2642 p.
1619 2595 1700 2633 701
1723 2593 1771 2641 C;
1822 2594 1949 2632 Paus.
1985 2593 2061 2641 III,

427 2667 494 2715 26,
533 2669 580 2715 6;
615 2669 743 2707 Paus.
776 2670 830 2718 II,
867 2671 934 2718 37,
970 2672 1009 2708 4.

482 2742 565 2780 Ubi
616 2753 715 2782 vero
764 2747 966 2783 mortuus
1009 2747 1108 2784 est‘?
1158 2746 1404 2784 Secundum
1451 2746 1694 2793 Odyssean]
1740 2746 1905 2784 interiit
1950 2745 2061 2794 apud

423 2817 678 2866 Myconum,
709 2829 791 2865 quo
823 2820 874 2858 de
907 2820 999 2859 loco
1033 2821 1188 2859 Strabo
1221 2820 1353 2859 habet
1387 2821 1494 2859 haec
1528 2820 1595 2869 (X,
1615 2831 1654 2869 p.
1674 2822 1797 2866 487):
1836 2820 2060 2869 ,,Μύκονος

426 2888 487 2939 ὑφ’
528 2888 547 2945 ᾗ
580 2893 807 2942 μυθεύουσι
841 2897 1001 2932 κεῖσθαι
1035 2902 1111 2933 τῶν
1143 2895 1341 2947 γιγάντων
1374 2895 1466 2941 τοὺς
1503 2894 1697 2941 ὑστάτους
1727 2892 1793 2943 ὑφ’
1817 2892 2061 2946 ςΗροικλεόυς

417 2966 744 3014 καταλυθέντας”
782 2969 1031 3017 (legendum
1066 2981 1223 3010 censeo
1256 2969 1634 3017 καταλευσθέντας).

476 3043 629 3082 Ultimi
679 3049 756 3081 τῶν
798 3042 947 3095 ἀγρίων
992 3046 1131 3094 φύλων
1179 3047 1388 3098 Γιγάντων
1421 3047 1481 3085 ibi
1514 3046 1694 3094 rupibus
1729 3047 1920 3095 cooperti
1953 3047 2059 3084 iace-
