2141 3487
635 318 687 344 DE
720 316 1007 344 EUGAMMoms
1039 315 1295 343 TELEGONIA.
1698 306 1781 342 203

153 428 368 480 ὁλόκληρον
405 429 650 479 ὑφελόμενος
693 427 744 475 ὡς
785 429 890 467 ἵὸιον
922 427 1170 479 έξήνεγκεν.”
1203 428 1466 476 Compilavit
1498 428 1629 475 igitur
1663 428 1783 475 Cyre

154 517 309 555 naeus,
367 506 404 544 si
446 504 553 544 fides
586 505 753 544 auctori
785 503 872 554 περὶ
903 507 1054 554 κλοπῆς
1087 504 1311 551 scribenti,
1348 503 1511 541 Musaei
1544 503 1703 540 librum
1737 504 1787 541 de

153 582 426 630 ThesprotiS‚
469 584 510 619 et
552 581 651 620 licet
692 580 923 629 „Clemens
954 580 997 619 in
1029 580 1261 619 odorandis
1295 582 1493 618 veterum
1527 578 1787 626 scriptorum

156 657 310 705 plagiis
347 658 479 696 nimis
517 657 715 696 videatur
756 658 923 705 sagax'’
944 653 990 705 ¹),
1040 666 1126 695 non
1170 656 1306 704 video,
1351 665 1425 693 cur
1464 664 1578 692 nunc
1620 664 1788 701 quoque

157 732 452 772 Alexandrino
494 743 668 772 omnem
703 732 832 772 fidem
865 733 1139 781 derogemus.
1173 731 1418 770 Caveamus
1453 732 1600 769 autem
1635 740 1689 769 ne
1721 730 1791 768 hic

157 808 272 847 sicut
303 809 404 847 alibi
439 820 513 858 pro
547 810 722 848 Musaeo
756 809 1026 848 Onomacriti
1059 818 1216 846 nomen
1251 807 1576 845 substituamus
1600 803 1644 851 ²).

221 885 529 934 „Unmoglich,
577 886 716 934 inquit
752 884 1052 923 Wilamowitz
1085 884 1215 922 Hom.
1250 882 1427 922 Unters.
1461 893 1500 931 p.
1539 882 1638 929 187,
1674 882 1791 920 kann

156 960 272 999 diese
304 961 556 1008 geschichte
589 961 794 1009 (loquitur
826 961 875 998 de
909 960 1209 1008 Thesprotide)
1243 959 1285 997 in
1320 959 1496 1006 Kyrene
1527 958 1790 996 entstanden

156 1036 265 1074 sein.
298 1035 559 1074 Jedermann
593 1037 726 1084 sieht,
762 1036 865 1074 dass
887 1037 950 1074 sie
979 1036 1056 1074 auf
1078 1035 1402 1083 thesprotische
1428 1034 1678 1081 localsagen
1706 1033 1792 1071 und

156 1111 438 1159 genealogien
467 1111 672 1150 auslauft.
704 1111 787 1150 Der
814 1112 982 1150 dichter
1009 1112 1083 1150 der
1111 1111 1343 1158 Telegonie
1372 1120 1497 1148 muss
1524 1109 1616 1147 also
1641 1108 1793 1147 seinen

158 1187 276 1236 stoff,
311 1188 422 1226 doch
457 1188 756 1226 vermuthlich
790 1189 833 1226 in
867 1188 1066 1236 epischer
1099 1187 1278 1235 gestant,
1309 1196 1387 1224 aus
1411 1186 1601 1224 fremder
1628 1184 1795 1233 gegend

158 1263 357 1303 erhalten
391 1264 546 1303 haben.
586 1264 662 1303 Die
694 1275 799 1312 sage
832 1265 891 1303 ist
924 1264 1118 1303 offenbar
1151 1263 1261 1302 alter
1294 1263 1360 1301 als
1393 1263 1461 1300 die
1494 1260 1795 1299 korinthische

158 1340 400 1388 besetzung
440 1341 514 1379 der
556 1341 848 1389 epirotischen
890 1341 1031 1379 kuste.
1076 1340 1152 1378 Die
1185 1339 1449 1387 Thesproter
1480 1337 1694 1376 erhielten
1727 1336 1795 1374 die

160 1425 316 1464 person
357 1416 434 1455 des
476 1416 700 1464 Odysseus
741 1415 1018 1455 fibermittelt
1051 1426 1134 1454 von
1168 1415 1249 1454 den
1282 1413 1532 1453 vorlaufern
1564 1411 1795 1450 Korinths:

163 1491 239 1530 das
272 1501 419 1530 waren
452 1491 520 1530 die
553 1491 845 1531 Chalkidier.'’

223 1567 522 1606 Wilamowitz
570 1568 702 1615 igitur
743 1568 951 1606 nucleum
994 1566 1296 1616 Thesprotidis
1337 1566 1380 1603 in
1411 1565 1507 1613 ipsa
1538 1562 1797 1611 Thesprotia

163 1645 315 1681 natum
357 1645 502 1692 putat;
545 1643 680 1682 credit
713 1653 888 1682 carmen
921 1643 1190 1682 continuisse
1231 1640 1510 1690 genealogias
1551 1640 1577 1678 i.
1605 1649 1641 1677 e.
1676 1647 1798 1676 cona-

163 1718 283 1757 mina
325 1729 494 1768 eorum,
539 1720 610 1767 qui
642 1718 817 1757 Ulixem
852 1730 876 1758 a
907 1718 1166 1758 Chalcidicis
1198 1718 1424 1755 invectum
1457 1726 1556 1754 cum
1589 1715 1795 1762 Thespro-

159 1795 307 1832 torum
356 1796 599 1843 principum
643 1806 800 1845 genere
843 1795 1106 1843 coniungere
1148 1793 1327 1832 vellent.
1370 1792 1607 1831 Videamus
1649 1793 1798 1829 autem

167 1870 375 1909 carminis
406 1873 734 1919 argumentum:

230 1945 321 1995 „uoci
363 1946 457 1996 μετὰ
498 1953 620 1986 ταῦτα
661 1949 701 1993 (i.
736 1958 771 1986 e.
816 1948 1050 1996 postquam
1091 1947 1134 1984 in
1174 1946 1327 1984 Ithaca
1358 1944 1504 1983 insula
1534 1941 1800 1982 sacrificavit

170 2021 324 2061 UliXeS
373 2034 427 2062 ΘΧ
475 2024 594 2062 Elide
635 2020 855 2074 reversus)
891 2023 944 2068 εἰς
990 2021 1251 2072 Θεσπρωτοὺς
1294 2019 1519 2069 ἀφικνεῖται
1549 2017 1615 2056 καὶ
1646 2020 1806 2069 γαμεῖ

172 2097 502 2148 Καλλιδίκην
543 2098 730 2149 βασιλίδα
772 2104 850 2136 τῶν
895 2098 1155 2148 Θεσπρωτῶν.
1198 2095 1330 2135 ἔπειτα
1368 2095 1538 2145 πόλεμος
1573 2094 1801 2133 συνίσταται

172 2175 253 2219 τοῖς
295 2173 545 2224 Θεσπρωτοῖς
577 2173 676 2225 πρὸς
710 2174 913 2226 Βρύγους,
940 2170 1161 2219 Ὀδυσσέως
1191 2170 1448 2225 ἡγουμένου·
1481 2171 1660 2211 ἐνταῦθα
1683 2168 1804 2220 ’Ἀρης

173 2248 265 2295 τοὺς
305 2248 393 2300 περὶ
433 2249 502 2288 τὸν
540 2246 733 2289 Ὀδυσσέα
775 2248 972 2301 τρέπεται,
1012 2248 1078 2287 καὶ
1110 2248 1218 2302 αὐτῷ
1252 2248 1306 2295 εἰς
1339 2248 1468 2299 μάχην
1502 2251 1652 2298 Ἀθηνᾶ
1684 2245 1803 2285 καθί-

174 2335 335 2364 σταται·
391 2327 556 2373 τούτους
609 2323 681 2376 μὲν
736 2325 934 2364 Ἀπόλλων
991 2325 1154 2364 διαλύει.
1212 2323 1307 2374 μετὰ
1354 2321 1397 2362 δὲ
1442 2322 1514 2374 τὴν
1563 2322 1803 2372 Καλλιδίκης

176 2400 361 2452 τελευτὴν
407 2401 478 2452 τὴν
526 2400 597 2452 μὲν
639 2401 844 2453 βασιλείαν
886 2400 1108 2453 διαδέχεται
1151 2400 1409 2450 Πολυποίτης
1437 2397 1656 2445 Ὀδυσσέως
1698 2398 1804 2446 υἱός,

178 2476 298 2524 αὐτὸς
342 2474 376 2516 δ’
423 2477 476 2524 εἰς
520 2478 684 2528 Ἰθάκην
727 2476 975 2526 ἀφικνεῖται·
1014 2476 1091 2515 κάν
1133 2477 1258 2531 τούτῳ
1298 2475 1519 2528 Τηλέγονος
1552 2474 1615 2514 ἐπὶ
1646 2474 1806 2524 ζήτησιν

178 2559 249 2593 τοῦ
282 2553 429 2606 πατρὸς
461 2553 604 2605 πλέων,
634 2553 790 2606 ἀποβὰς
822 2555 876 2602 εἰς
905 2552 1074 2604 Ἰθάκην
1105 2552 1233 2604 τέμνει
1265 2552 1337 2603 τὴν
1369 2558 1515 2603 νῆσον·
1549 2549 1806 2602 ἐκβοηθήσας

181 2626 215 2667 δ’
264 2626 478 2677 Ὀδυσσεὺς
525 2629 605 2669 ’ὑπὸ
651 2636 721 2669 τοῦ
768 2629 913 2676 παιδὸς
961 2628 1183 2680 ἀναιρεῖται
1227 2625 1306 2667 κατ’
1357 2626 1536 2680 ἄγνοιαν.
1587 2624 1807 2678 Τηλέγονος

181 2704 217 2746 δ’
254 2706 444 2759 ἐπιγνοὺς
476 2706 548 2757 τὴν
580 2704 777 2756 ἁμαρτίαν
809 2705 851 2744 τό
882 2720 921 2744 τε
953 2710 1022 2743 τοῦ
1055 2704 1205 2755 πατρὸς
1239 2711 1350 2754 σῶμα
1382 2702 1448 2742 καὶ
1479 2703 1547 2742 τόν
1578 2700 1808 2752 Τηλέμαχον

180 2782 244 2821 καὶ
291 2782 363 2833 τὴν
414 2782 657 2833 Πηνελόπην
704 2781 802 2833 πρὸς
844 2781 916 2831 τὴν
958 2779 1106 2831 μητέρα
1147 2780 1403 2830 μεθίστησιν·
1441 2777 1466 2829 ἡ
1499 2776 1542 2817 δὲ
1574 2776 1807 2823 ἀθανάτους

181 2862 303 2909 ποιεῖ,
333 2857 400 2897 καὶ
427 2861 608 2897 συνοικεῖ
628 2864 674 2912 τῇ
701 2855 772 2907 μὲν
800 2856 1016 2909 Πηνελόπῃ
1047 2854 1286 2907 Τηλέγονος,
1312 2855 1441 2908 Κίρκῃ
1469 2852 1511 2893 δὲ
1541 2851 1809 2904 Τηλέμαχος”.

228 2971 250 3009 ¹)
276 2974 389 3003 Verba
414 2976 494 3004 sunt
517 2972 684 3004 Lobeckii
710 2973 783 3010 Agl.
808 2981 841 3010 p.
867 2972 941 3001 310.

228 3030 253 3072 2)
279 3034 329 3064 Cf.
354 3035 454 3064 Paua.
477 3035 512 3071 1,
537 3035 597 3071 22,
623 3034 652 3063 7.
