2200 3487
452 329 536 366 200
924 341 975 367 DE
1008 340 1292 369 EUGAMMONIS
1325 342 1582 370 TELEGONIA.

448 453 591 491 Ulixis
624 454 664 491 in
698 454 863 491 Elidem
897 455 981 492 iter
1013 454 1152 493 fusius
1186 456 1404 494 tractavit.
1440 457 1482 493 Is
1515 457 1595 494 fuit
1627 456 1918 502 Eugammon,
1948 457 2074 502 poeta

449 531 494 567 ut
545 529 785 567 videbimus
834 530 1016 568 minime
1059 531 1162 569 ditis
1205 532 1384 580 ingenii,
1428 533 1503 570 sed
1545 532 1617 579 qui
1659 532 1897 569 Homerum
1941 541 2071 569 suum

448 606 665 651 cognorat.
710 604 981 651 Eugammon
1013 607 1131 643 enim
1166 605 1431 653 Cyrenaicus
1465 607 1571 644 bene
1604 617 1772 645 memor
1805 606 1949 644 Ulixis
1982 615 2070 644 ver-

448 678 598 717 borum
632 680 684 717 ad
718 679 959 726 Penelopen
992 688 1024 724 ψ
1057 681 1141 719 354
1178 691 1292 728 sqq.:

623 754 796 803 κτήματα
829 752 918 803 μὲν,
948 754 994 791 τά
1026 769 1093 803 μοι
1124 754 1202 792 ἔστι
1233 753 1446 804 κομιζέμει)
1484 755 1524 793 ἐν
1557 756 1777 806 μεγάροισι,

622 831 724 878 μῆλα
756 825 791 866 δ’
828 828 852 866 ἅ
883 844 949 878 μοι
981 835 1200 879 μνηστῆρες
1232 829 1473 881 ὑπερφίαλοι
1505 828 1752 880 κατέκειραν,

621 903 746 942 πολλὰ
778 901 849 952 μὲν
883 903 1038 950 αὐτὸς
1071 903 1163 955 ἐγὼ
1196 906 1502 955 ληίσσομαι,
1532 905 1628 944 ἄλλα
1662 901 1696 943 δ’
1735 904 1877 955 Ἀχαιοὶ

622 975 791 1017 δώσουσ’
829 979 882 1025 εἰς
916 979 937 1018 ὅ
969 994 1010 1018 κε
1043 980 1194 1027 πάντας
1228 980 1492 1031 ἐνιπλήσωσιν
1527 981 1743 1029 ἐπαύλους,

444 1066 522 1093 nec
553 1055 714 1093 oblitus
746 1055 1014 1094 Noemonem
1051 1056 1072 1092 δ
1105 1057 1189 1096 635
1223 1068 1286 1105 sq.
1321 1058 1436 1096 inter
1469 1068 1622 1106 procos
1652 1058 1838 1096 dixisse:

1126 1132 1231 1181 χρηὼ
1265 1130 1299 1170 δ’
1338 1130 1403 1181 ἐμὲ
1436 1134 1608 1184 γίγνεται
1640 1132 1760 1181 αὐτῆς
1794 1133 1950 1178 (navis)

610 1202 737 1243 ’Ήλιδ’
768 1204 811 1252 ἒς
844 1205 1062 1257 εὐρύχορον
1097 1207 1356 1258 διαβήμεναι,
1387 1208 1489 1246 ἔνθα
1522 1223 1589 1258 μοι
1621 1208 1735 1246 ἵπποι

619 1280 773 1319 δώδεκα
804 1281 965 1330 θήλειαι
996 1285 1098 1320 κτλ.
1125 1280 1151 1328 Ῑ)

440 1357 519 1394 hoc
552 1357 633 1395 iter
664 1356 809 1394 Ulixis
843 1358 883 1395 in
918 1358 1083 1396 Elidem
1118 1360 1274 1397 cecinit
1295 1356 1341 1406 2),
1376 1361 1631 1407 praemissis
1663 1359 1984 1407 precationibus
2016 1358 2068 1396 ad

438 1432 683 1479 Nymphas,
717 1442 823 1479 quas
858 1433 983 1471 heros
1015 1435 1308 1481 spoponderat
1342 1449 1361 1471 ν
1395 1436 1648 1483 &bo-360,
1684 1435 1850 1472 adiecto
1880 1433 2067 1480 hospitio

440 1507 650 1554 Polyxeni
697 1507 899 1546 Eleorum
949 1509 1070 1547 ducis
1119 1520 1140 1547 e
1183 1510 1383 1558 catalogo
1425 1512 1470 1555 (Β
1504 1511 1753 1553 615—624)
1791 1510 1894 1547 noti.
1930 1509 2068 1546 Simul

438 1582 640 1620 adiunxit
686 1582 1022 1630 descriptionem
1067 1586 1279 1632 craterae,
1324 1595 1454 1632 quarn
1499 1586 1768 1632 Polyxenum
1803 1584 1924 1623 Ulixi
1956 1585 2067 1622 dono

438 1657 609 1696 dedisse
642 1656 788 1705 finxit,
824 1659 870 1696 ut
901 1659 1122 1698 Menelaus
1155 1660 1418 1699 Telemacho
1453 1663 1470 1695 ὸ
1508 1663 1591 1699 615
1621 1671 1712 1708 sqq.
1741 1660 1864 1698 offert
1892 1664 2067 1709 κρητῆρα

407 1731 673 1788 Δτετυγμένον
714 1733 863 1784 ,Ρέργον
901 1730 1146 1782 Ἡφαίστοιο.
1190 1736 1362 1774 Inserto
1406 1747 1507 1774 vero
1542 1737 1745 1782 carmini,
1780 1735 1890 1783 quod
1921 1737 2070 1774 cantat

438 1810 565 1855 poeta
609 1808 794 1857 aulicus,
845 1812 1155 1857 argumentum
1204 1811 1361 1858 selegit
1403 1811 1569 1849 furtum
1615 1811 1777 1858 Augiae
1815 1811 2011 1848 thesauri
2043 1821 2068 1848 a

435 1883 679 1931 Trophonio
727 1894 824 1921 cum
870 1884 1003 1923 fratre
1045 1887 1350 1924 commissum.
1395 1887 1643 1924 Immensae
1677 1896 1781 1934 opes
1814 1886 1978 1931 Augiae
2011 1896 2065 1923 ex

436 1959 647 1997 armentis
693 1961 954 2007 praesertim
1000 1961 1204 2008 agrisque
1248 1964 1503 2000 constantes
1547 1962 1659 2010 apud
1695 1972 1848 2000 omnes
1882 1961 2067 2000 Graecos

436 2035 533 2073 inde
565 2035 617 2072 ab
650 2035 829 2073 Homeri
861 2037 1132 2083 temporibus
1167 2041 1219 2081 (A
1253 2039 1352 2081 698)
1387 2040 1511 2076 erant
1542 2041 1690 2086 notae,
1725 2038 1870 2076 labore
1898 2047 2066 2085 quoque

438 2110 637 2149 Herculis
670 2112 710 2148 in
746 2112 930 2149 stabulis
963 2113 1129 2159 Augiae
1156 2115 1391 2161 purgandis
1418 2116 1678 2162 consumpto
1705 2114 1861 2161 ubique
1890 2114 2066 2152 divitiae

435 2185 567 2224 Elidis
601 2187 715 2234 regis
748 2187 1055 2226 inclaruerant.
1091 2187 1168 2226 Cui
1201 2190 1260 2227 rei
1294 2189 1477 2235 accedit,
1514 2190 1626 2236 quod
1656 2191 1740 2227 iam
1771 2190 1881 2237 apud
1909 2189 2064 2227 Home-

434 2271 531 2299 rum
579 2272 737 2300 nomen
787 2264 1025 2310 Agamedis
1073 2274 1171 2302 cum
1216 2266 1381 2312 Augiae
1426 2266 1602 2303 nomine
1646 2265 1729 2303 fuit
1761 2265 2062 2310 coniunctum;

434 2345 533 2374 nam
583 2336 673 2375 filia
719 2338 994 2376 celeberrimi
1043 2340 1157 2386 regis
1201 2340 1258 2377 ibi
1301 2341 1423 2378 audit
1457 2340 1757 2388 ‚,Agamede’';
1791 2340 1985 2386 quinimo
2017 2341 2066 2377 ut

434 2411 590 2450 ultima
637 2413 852 2452 dubitatio
899 2415 1093 2461 tollatur,
1146 2425 1198 2453 ne
1247 2417 1386 2463 patria
1431 2417 1606 2463 quidem
1651 2416 1765 2464 regis
1807 2416 2061 2464 Agamedis,

434 2487 598 2534 Augiae
644 2488 828 2536 inimici,
878 2489 949 2527 diu
999 2493 1091 2527 erat
1133 2491 1398 2537 quaerenda,
1445 2502 1542 2529 cum
1589 2492 1834 2539 Stymphali
1877 2492 1918 2528 in
1962 2491 2064 2529 urbe

433 2562 642 2600 Arcadiae
699 2564 936 2610 Agamedis
991 2575 1149 2603 nomen
1208 2567 1247 2602 in
1303 2566 1414 2604 serie
1462 2577 1615 2614 regum
1665 2571 1904 2614 appareret.
1954 2567 2064 2604 Huic

433 2639 581 2676 autem
629 2638 748 2676 nulla
795 2649 925 2687 opera
973 2640 1247 2688 Trophonius
1296 2640 1411 2679 filius
1460 2641 1611 2686 σκότιος
1661 2642 1834 2689 adiungi
1883 2643 2063 2689 poterat.

435 2713 541 2761 Quid
575 2713 735 2751 mirum
764 2715 897 2761 igitur
925 2715 967 2752 in
997 2716 1100 2754 urbe
1129 2715 1315 2764 Cyrene,
1344 2727 1454 2763 quae
1483 2717 1792 2755 commercium
1822 2727 1920 2755 cum
1948 2717 2063 2755 Pelo-

434 2799 626 2836 ponneso
668 2789 873 2836 habebat,
919 2792 1092 2837 poetam
1142 2792 1228 2829 tale
1277 2792 1517 2840 episodium
1573 2793 1888 2840 composuisse,
1944 2793 2067 2830 cuius

434 2864 621 2912 vestigia
663 2865 857 2902 servavit
891 2865 1089 2904 Charax?
1122 2867 1369 2905 Adhibebat
1401 2868 1444 2905 in
1477 2867 1776 2914 componendo
1808 2867 1989 2906 fabellas
2021 2868 2063 2906 in

482 3037 505 3075 ¹)
529 3039 577 3069 Cf.
603 3053 626 3069 ω
651 3042 726 3069 426.
1040 3040 1064 3081 2⁸)
1092 3043 1140 3071 (clf.
1167 3044 1267 3072 Paus.
1296 3043 1372 3075 V11.
1400 3046 1455 3077 14,
1482 3047 1509 3073 4.
