2200 3487
454 329 506 366 26
1143 338 1195 364 os
1228 336 1371 364 Amen.

494 540 546 582 Y.
581 541 647 583 De
681 541 861 583 ratione
894 552 1009 593 quae
1041 539 1167 581 inter
1198 539 1452 580 Minervam
1484 539 1531 579 et
1562 536 1725 580 Aiaces
1758 537 2024 581 intercedit.

504 682 795 729 Unaquaeque
843 680 1143 719 controversia
1189 690 1211 718 e
1259 679 1414 718 multis
1459 679 1564 728 illiS‚
1615 690 1723 727 quas
1765 680 2068 728 complectitur

444 757 639 804 quaestio
672 756 766 805 illa,
799 766 909 804 quae
942 757 1125 794 vocatur
1157 755 1402 803 homerica,
1436 754 1499 792 ita
1525 756 1593 793 est
1620 757 1893 804 comparata,
1922 758 1972 794 ut
1996 755 2069 802 qui

443 832 773 871 difficultatibus
806 831 900 869 eius
932 830 1153 868 solvendis
1185 830 1410 878 impendat
1436 840 1633 878 operam,
1664 841 1750 869 non
1775 831 1935 879 possit,
1965 831 2066 878 quin

445 918 617 955 semper
635 907 885 954 aenigmata
903 906 1065 944 excitet
1083 905 1348 944 obscuriora.
1376 905 1444 944 Sic
1471 916 1751 955 responsum,
1779 906 1891 953 quod
1918 915 2068 955 supra,

447 993 530 1031 qua
557 993 634 1031 par
662 984 728 1020 est
755 981 1003 1030 prudentia,
1033 981 1136 1019 dare
1155 981 1491 1030 conatisumus,
1510 981 1777 1020 multifarias
1792 981 2073 1029 quaestiones

447 1067 601 1106 novas,
647 1066 753 1104 quae
795 1066 875 1094 sua
915 1055 998 1094 sibi
1038 1065 1249 1104 responsa
1296 1065 1424 1104 aegre
1465 1056 1733 1106 desiderent,
1777 1057 1995 1105 protraxit
2025 1057 2068 1095 in

445 1133 602 1172 lucem.
651 1132 721 1171 Sic
766 1141 881 1170 nunc
923 1132 1139 1179 agendum
1182 1131 1265 1170 erit
1298 1132 1348 1171 de
1381 1141 1427 1170 re
1460 1132 1647 1180 quadam
1679 1132 1902 1182 intricata,
1938 1143 2068 1180 quam

443 1219 576 1257 supra
608 1207 855 1256 attigimUS,
889 1207 964 1246 sed
996 1208 1189 1246 nondum
1224 1207 1277 1246 ad
1308 1206 1441 1247 finem
1474 1208 1772 1257 perduximus*

502 1285 611 1323 Nam
646 1294 744 1323 cum
779 1284 829 1322 de
862 1283 1008 1322 Aiacis
1036 1284 1276 1332 agebamus
1302 1281 1475 1337 ἀτρωσίᾳ
1501 1284 1628 1323 iuxta
1653 1284 1802 1323 omnia
1828 1284 1931 1333 alia,
1960 1294 2069 1331 quae

445 1361 495 1399 de
542 1360 670 1398 huius
717 1360 889 1399 fabulae
937 1360 1103 1409 origine
1138 1361 1348 1410 suspicati
1380 1371 1556 1410 sumus,
1590 1360 1632 1399 id
1665 1371 1832 1408 quoque
1863 1370 2067 1409 propone-

446 1436 622 1474 bamus:
657 1436 835 1474 Aiacem
868 1436 1040 1475 insania
1071 1436 1301 1485 abreptum
1328 1438 1516 1475 mortem
1544 1436 1628 1474 sibi
1655 1437 1941 1484 conscivisse;
1969 1437 2071 1475 hinc

449 1521 548 1549 vero
595 1511 864 1560 mythologis
911 1521 1090 1550 necesse
1132 1511 1269 1550 fuisse
1309 1512 1558 1560 excogitare
1599 1511 1788 1559 aliquam
1831 1512 2068 1562 rationem,

447 1596 531 1633 qua
577 1587 724 1625 Aiacis
771 1597 892 1628 mors
938 1587 1192 1626 voluntaria
1240 1589 1340 1636 apte
1387 1597 1486 1626 cum
1529 1587 1624 1626 eius
1663 1584 1834 1641 ἀτρωσίᾳ
1867 1588 2070 1636 coniungi

444 1665 603 1711 posset.
636 1664 928 1713 Interroganti
960 1666 1128 1715 autern,
1169 1665 1324 1712 quibus
1355 1676 1377 1704 e
1410 1665 1553 1704 causis
1585 1664 1842 1714 profluxerit
1872 1664 2070 1702 nefastus

444 1739 514 1778 ille
541 1740 687 1778 Aiacis
714 1740 845 1789 furor,
865 1740 1100 1789 respondet
1117 1740 1194 1779 tibi
1222 1740 1428 1780 Calchas:
1461 1751 1542 1790 „ex
1568 1740 1649 1790 ira,
1679 1750 1807 1789 quam
1826 1739 1870 1778 in
1887 1739 2066 1778 Aiacem

446 1817 701 1864 conceperat
733 1816 969 1855 Minerva'’.

740 1889 805 1944 ἐλᾷ
837 1890 910 1942 γὰρ
945 1890 1069 1930 αὐτὸν
1103 1888 1188 1946 τῇδ’
1226 1890 1268 1930 ἐν
1296 1889 1421 1945 ἡμέρᾳ
1455 1891 1557 1946 μόνῃ

739 1966 826 2013 δίας
859 1966 1031 2014 Ἀθάνας
1065 1973 1182 2017 μῆνις
1217 1968 1362 2016 (Soph.
1395 1967 1515 2007 AiaC.
1551 1978 1613 2007 VS.
1649 1969 1763 2014 756).

505 2043 598 2081 Iam
641 2053 740 2082 cum
783 2044 826 2082 in
870 2053 919 2082 eo
962 2046 1081 2083 esset
1119 2044 1291 2083 iuvenis
1323 2045 1371 2083 ut
1403 2044 1532 2083 domo
1564 2043 1925 2093 proficisceretur,
1958 2042 2071 2092 patri

448 2118 500 2156 ob
527 2117 603 2156 filii
631 2119 880 2167 superbiam
909 2120 1039 2159 anxio
1068 2120 1256 2168 deosque
1283 2120 1574 2169 respiciendos
1601 2130 1699 2159 esse
1730 2119 1946 2168 monenti,
1984 2118 2071 2166 „mi

447 2194 611 2242 pater''‚
647 2195 931 2243 responderat
962 2196 1094 2245 Aiax,
1127 2196 1331 2244 „deorum
1360 2195 1524 2235 auxilio
1551 2196 1620 2234 vel
1646 2196 1865 2244 pessimus
1891 2194 2073 2243 quisque

447 2268 631 2316 gloriam
679 2271 858 2319 adipisci
905 2273 1068 2321 potest,
1119 2271 1320 2320 equidem
1368 2282 1490 2321 vero,
1532 2272 1681 2311 nullus
1722 2271 1825 2310 licet
1866 2271 1971 2310 deus
2002 2279 2074 2313 me

447 2344 673 2383 adiuturus
706 2347 779 2395 sit,
816 2356 960 2385 rerum
994 2348 1221 2395 gestarum
1254 2357 1326 2386 me
1356 2347 1483 2386 laude
1515 2348 1847 2396 conspergam’'.

505 2419 726 2459 Minervae
784 2422 997 2460 auxilium
1055 2423 1094 2461 ei
1141 2422 1420 2471 praebiturae
1466 2423 1679 2471 superbus
1725 2422 2073 2461 acclamaverat:

449 2494 590 2543 „aliis‚
621 2506 643 2534 o
672 2497 839 2546 regina,
869 2497 1027 2536 melius
1056 2508 1301 2547 succurres,
1331 2499 1484 2537 nostra
1511 2509 1614 2537 vero
1643 2509 1667 2536 a
1694 2499 1816 2547 parte
1843 2497 1960 2536 acies
1987 2506 2072 2535 non

444 2572 789 2618 perrumpetur’⁵.

507 2644 622 2683 Eane
649 2646 867 2696 superbia,
898 2658 1027 2694 quam
1056 2648 1202 2687 vivide
1229 2648 1469 2688 illustravit
1496 2650 1750 2698 Sophocles,
1780 2649 2001 2688 homerico
2019 2648 2072 2687 ab

446 2720 577 2758 Aiace
615 2720 755 2759 aliena
785 2722 898 2761 fuit?
931 2724 979 2761 In
1013 2726 1243 2771 utramque
1275 2727 1446 2772 partem
1476 2725 1793 2774 respondentes
1826 2724 2069 2763 discedunt.

447 2795 660 2834 Mentisne
687 2797 896 2845 superbae
923 2799 1186 2837 documenta
1218 2799 1335 2838 dedit
1367 2800 1495 2839 heros
1527 2802 1573 2837 H
1601 2801 1684 2839 255
1714 2810 1825 2849 sqq,
1861 2800 1932 2838 ubi
1964 2799 2068 2838 Hec-

448 2872 588 2909 torem
647 2872 899 2920 compellat:
962 2885 1101 2922 „nunc
1151 2885 1252 2914 vero
1301 2877 1451 2923 quales
1498 2877 1653 2916 heroes
1697 2877 1847 2916 tulerit
1893 2876 2071 2915 Graecia

447 2946 635 2984 invictos
676 2949 975 2995 experie1·is‘'?
1017 2950 1217 2997 Minime;
1259 2951 1433 2990 locutus
1465 2954 1533 2991 est
1566 2963 1588 2991 e
1620 2963 1741 2992 more
1772 2953 1966 2991 heroum.
2001 2952 2069 2990 Sic

444 3020 560 3068 loqui
602 3022 743 3062 solent
786 3022 826 3061 οἱ
859 3023 1099 3076 μεγάθυμοι.
1134 3025 1244 3065 Audi
1277 3027 1405 3066 modo
1438 3028 1672 3068 Hectorem
1705 3028 2068 3078 respondentem:
