2141 3487
752 290 804 316 Dm
837 290 1132 317 AMAZONIHUS.
1674 283 1751 316 1-1ἷῆ

187 404 243 442 At
273 403 472 442 habuerit
498 405 600 442 ante
627 403 774 442 oculos
801 403 1033 442 Muellerus
1060 403 1311 442 hierodulas
1338 402 1498 440 Dianae
1526 403 1756 450 Ephesiae,

125 487 234 525 quas
266 479 543 518 castissimas
575 479 709 518 fuisse
741 479 921 518 tradidit
952 479 1213 517 Plutarchus
1246 477 1457 516 Romanis
1484 487 1580 516 cum
1610 477 1758 515 Vesta-

122 553 237 592 libus
260 564 343 611 “eas
375 564 636 603 comparans
660 550 699 598 ¹).
733 555 818 594 Fac
852 555 995 594 virum
1028 555 1203 593 doctum
1235 576 1287 581 —
1316 553 1415 592 licet
1443 553 1493 591 de
1520 552 1755 591 Comanen-

122 630 244 668 sibus
271 631 418 678 aperte
439 630 644 678 loquatur
663 653 710 657 —
735 641 834 669 cum
853 631 966 679 apud
984 630 1248 668 Pausaniam
1269 626 1298 674 2)
1316 629 1495 677 legisset
1511 630 1758 667 Amazones

123 706 320 743 errantes
345 715 482 753 usque
509 706 561 744 ad
588 706 806 755 Ephesum
835 707 1090 754 pervenisse
1116 706 1259 752 ibique
1277 705 1494 744 coloniam
1510 703 1752 751 reliquisse,

119 780 329 828 Ephesias
370 781 563 821 voluisse
604 782 866 821 hierodulas.
899 782 1019 821 Tunc
1050 782 1234 820 observo
1267 782 1543 819 Amazonum
1576 780 1755 818 mentio-

120 865 223 894 nem
265 855 357 895 fieri
398 859 491 896 tam
533 858 576 896 in
619 859 774 906 mytho
806 859 857 897 de
889 858 1048 907 Ephesi
1079 858 1244 906 origine
1276 867 1408 904 quam
1442 857 1484 894 in
1517 856 1756 904 originibus

122 931 352 981 Smyrnae,
397 932 654 983 Cumarum,
700 934 912 983 Myrinae,
957 933 1147 983 Grynae‚
1191 933 1390 981 Pitanae,
1425 932 1754 980 Mytilenarum,

122 1007 360 1056 Amastris,
391 1008 593 1058 Sinopae,
622 1009 808 1048 aliorum
837 1010 1094 1058 oppidorum
1122 1009 1164 1047 in
1191 1018 1267 1047 ora
1293 1008 1519 1046 maritima
1546 1008 1755 1053 sitorum;

120 1093 219 1121 cum
238 1084 350 1121 mari
367 1094 536 1131 quoque
553 1084 721 1132 Myrtoo
740 1085 820 1123 hoc
847 1095 1007 1123 nomen
1034 1085 1171 1122 fuisse
1198 1084 1476 1122 coniunctum
1502 1080 1553 1131 3);
1574 1083 1755 1130 denique

121 1158 448 1197 hierodularum
490 1169 631 1207 genus
672 1160 904 1208 eiusmodi,
948 1160 1074 1206 quale
1115 1160 1274 1208 Ephesi
1307 1159 1551 1208 habitabat,
1587 1170 1639 1197 ne
1674 1159 1755 1207 ipsi

122 1235 298 1282 quidem
333 1235 538 1274 Graeciae
571 1236 771 1284 ignotum
806 1236 955 1274 fuisse.

182 1311 332 1358 Itaque
380 1322 478 1350 cum
527 1312 640 1351 tales
685 1312 909 1362 mulieres,
959 1322 1070 1359 quae
1118 1312 1293 1351 Graecis
1341 1311 1392 1350 ab
1434 1311 1757 1358 antiquissimis

118 1388 391 1436 temporibus
419 1390 521 1426 ante
547 1388 696 1427 oculos
722 1389 1019 1437 versarentur,
1047 1389 1090 1426 in
1118 1389 1364 1427 Amazones
1390 1387 1548 1426 abiisse
1576 1387 1758 1425 minime

121 1465 180 1502 sit
213 1464 468 1513 verisimile,
504 1464 746 1503 abiciamus
778 1465 1047 1503 sententiam
1081 1465 1241 1513 egregii
1274 1465 1373 1513 viri,
1404 1474 1532 1511 quem
1563 1463 1755 1502 Themis-

123 1549 250 1588 cyrae
283 1541 326 1579 et
358 1539 654 1579 Comanorum
689 1540 894 1579 viciniam
928 1541 969 1578 in
1003 1550 1197 1579 errorem
1231 1540 1457 1579 induxisse
1491 1539 1689 1579 arbitror.

183 1691 398 1731 Venimus
440 1693 526 1731 iam
571 1694 623 1732 ad
668 1693 1005 1742 explicationem
1039 1694 1256 1733 Welckeri
1289 1696 1619 1740 ceterorumque
1654 1694 1759 1731 viro·

123 1777 222 1806 rum
255 1767 504 1815 doctorum,
539 1769 611 1816 qui
644 1771 743 1817 post
776 1779 876 1807 eum
909 1769 1146 1808 mulierum
1176 1769 1586 1818 septentrionalium
1614 1779 1760 1807 mores

122 1843 378 1891 laudarunt,
421 1844 694 1883 incursiones
736 1844 779 1883 in
821 1844 973 1883 Asiam
1016 1845 1277 1894 attulerunt,
1322 1855 1397 1893 pro
1439 1845 1583 1892 mythi
1614 1844 1762 1882 funda-

123 1920 273 1958 mento
306 1919 568 1959 habuerunt.

183 1995 356 2034 Scimus
402 1995 556 2035 Asiam
605 1996 817 2035 Minorem
865 1996 970 2036 olim
1012 2007 1037 2035 a
1078 1997 1255 2045 Scythis
1298 1996 1634 2044 Cimmeriisque
1676 1996 1764 2035 late

124 2070 436 2119 populantibus
491 2073 637 2111 tutam
696 2083 781 2111 non
837 2073 990 2121 fuisse,
1046 2073 1260 2122 Phryges,
1310 2072 1545 2121 Bithynos,
1595 2073 1759 2120 Mysos,

125 2156 147 2184 e
189 2146 372 2185 Thracia.
414 2157 511 2186 esse
553 2147 772 2187 oriundos.
815 2148 1032 2187 Audimus
1075 2148 1337 2187 Strabonem
1380 2149 1707 2187 asseverantem
1730 2145 1762 2192 4)

126 2222 206 2261 sub
239 2222 411 2261 tumulo
444 2233 572 2270 quem

838 2297 981 2351 ἄνδρες
1014 2299 1201 2338 Βατίειαν
1232 2298 1511 2354 κικλῄσκουσι,

302 2373 502 2413 ἀθάνατοι
534 2373 577 2413 δέ
608 2389 645 2413 τε
678 2380 785 2425 σῆμα
817 2375 1266 2427 πολυσκάρθμοιο
1302 2375 1509 2425 Μυρίνης,

124 2450 342 2499 sepultam
391 2451 527 2489 fuisse
574 2451 845 2490 Amazonem
892 2462 1001 2500 quae
1049 2452 1157 2500 ipsis
1205 2452 1359 2490 Troiae
1404 2450 1485 2490 sub
1534 2449 1762 2488 moenibus

125 2525 378 2574 cecidisset;
427 2527 652 2565 Priamum
700 2527 743 2566 et
788 2527 1191 2577 Bellerophontem,
1242 2527 1429 2566 alterum
1479 2526 1677 2574 Sangarii
1720 2526 1761 2562 in

125 2601 249 2650 ripis,
284 2601 474 2641 alterum
505 2602 550 2640 in
581 2602 714 2650 Lycia
746 2604 899 2641 contra
930 2602 1147 2652 Ἀμαζόνας
1179 2600 1432 2653 ἀντιανείρας
1458 2601 1760 2649 belligerasse;

125 2677 315 2716 securim
357 2678 409 2717 ab
452 2678 639 2717 Hercule
680 2678 895 2717 Amazoni
937 2680 1133 2727 ereptam
1176 2679 1270 2717 Iovi
1311 2678 1564 2717 Labrandeo
1606 2678 1762 2725 Lyciae

126 2752 298 2791 numini
324 2762 422 2792 esse
450 2753 660 2792 traditam
679 2749 722 2799 ⁵).
751 2754 1031 2793 Amazonum
1057 2754 1242 2802 denique
1270 2763 1449 2803 nomen,
1478 2753 1589 2801 quod
1607 2752 1762 2790 hucus-

173 2938 195 2978 1)
220 2941 271 2970 An
296 2939 471 2979 seni...§
499 2942 552 2971 24.
733 2939 759 2982 2)
784 2942 859 2978 vn,
885 2943 915 2978 2,
941 2942 971 2972 7.
1152 2940 1178 2980 3)
1204 2943 1318 2972 s0h01.
1342 2943 1403 2981 Ap.
1430 2941 1538 2972 Rhoe.
1562 2941 1578 2970 1
1605 2941 1678 2971 752.

170 2998 198 3041 ⁴)
222 3001 299 3037 XII,
326 3001 401 3032 573.
735 2999 762 3042 ⁵)
785 3002 876 3032 Plut.
902 3003 1041 3038 Quaest.
1062 3011 1176 3039 graec.
1198 3003 1251 3032 45.
