2200 3487
447 327 528 364 118
1137 341 1189 368 DE
1221 341 1366 368 AIACE.

441 448 506 487 καὶ
537 453 725 489 καθεῖλεν
757 450 845 490 ἀντὶ
875 453 1020 503 ταύτης
1052 460 1129 492 τῶν
1162 454 1277 504 ἱερῶν
1310 453 1398 492 τινὰ
1431 454 1563 492 ὅπλων
1595 453 1650 492 ἔτι
1690 453 1732 493 ἐκ
1772 460 1843 493 τοῦ
1891 457 2073 504 Τρωϊκοῦ

441 523 557 575 ἔργου
591 526 792 575 σωζόμενα
829 528 1015 572 (Arrian.
1050 530 1188 568 Anab.
1222 530 1254 577 I,
1295 531 1360 578 ll,
1397 531 1450 574 5).

500 601 620 640 Idem
658 603 788 641 refert
821 604 1083 643 Plutarchus
1117 606 1258 650 (AleX.
1296 607 1385 650 im:
1430 603 1609 655 „dcvasslxg
1644 602 1680 642 δ’
1717 604 1772 650 εἷς
1797 602 1916 642 Ἴλιον
1949 603 2072 642 ἔθυσε

441 682 487 729 τῇ
522 679 668 730 Ἀθηνᾷ
702 676 767 715 καὶ
799 681 878 724 τοῖς
912 679 1061 728 ἥρωσιν
1094 678 1318 718 ἔσπεισεν”.

502 751 668 790 Mortuo
717 753 966 792 Alexandro
1013 755 1303 802 Lysimachus
1345 765 1494 793 curam
1542 756 1736 804 suscepit
1778 755 1930 793 Troiae
1965 756 2072 793 tem·

441 826 646 874 plumque
680 828 901 867 Minervae
935 830 1128 868 condidit
1159 840 1483 876 marmoreum;
1526 830 1753 878 Augustus
1787 832 1936 869 autem
1968 830 2074 868 tem-

440 901 560 948 plum
593 913 617 941 a
650 903 843 942 Fimbria
874 905 1156 943 devastatum
1189 906 1415 953 pulchrius
1449 907 1659 944 restituit.

500 976 692 1024 Denique
725 979 892 1017 scholio
925 980 978 1017 ad
1012 983 1046 1016 A
1079 982 1133 1019 46
1167 981 1373 1019 docemur
1404 981 1536 1019 ilium
1569 980 1676 1031 ἱερόν
1709 983 1914 1020 vocatum
1940 981 2076 1019 fuisse

441 1052 575 1091 etiam
608 1058 762 1101 postea
794 1055 846 1093 ob
876 1054 1089 1094 sacrificia
1122 1066 1196 1104 per
1228 1057 1376 1095 omnia
1411 1057 1586 1096 saecula
1616 1056 1674 1095 ibi
1707 1056 1878 1095 numini
1910 1056 2075 1094 oblata:

444 1125 581 1176 »Ἴλιος
613 1126 656 1166 δὲ
687 1134 764 1166 νῦν
795 1128 880 1180 ἱερὰ
913 1129 960 1168 οὐ
989 1129 1117 1179 μόνον
1146 1138 1448 1182 προσηγορικῶς
1478 1139 1527 1186 τῷ
1557 1139 1676 1185 κοινῷ
1706 1132 1808 1186 λόγῳ
1825 1137 1904 1169 τῶν
1922 1131 2075 1169 πόλεων

440 1205 575 1251 (Sici),
621 1203 718 1242 ἀλλὰ
761 1204 827 1242 καὶ
872 1204 939 1243 διὰ
980 1205 1026 1243 τὰ
1069 1205 1249 1245 ἐνταῦθα
1291 1207 1556 1258 ἷστορηθέντα
1589 1206 1771 1258 ἐνδελεχῆ
1802 1208 1986 1257 θύματα,
2016 1200 2073 1244 ὧν

439 1278 636 1328 δηλωτικὰ
668 1279 744 1318 σὺν
776 1278 908 1327 ἄλλοις
940 1280 1006 1319 καὶ
1039 1281 1084 1319 τὰ
1107 1279 1257 1330 Ἰλίεια,
1286 1282 1399 1333 ἑορτὴ
1429 1283 1613 1335 ἐγχώριος
1643 1282 1852 1332 ἐπώνυμος
1869 1279 2072 1337 τῇἸλίῳ”.

497 1357 670 1395 Scilicet
717 1358 905 1397 missum
945 1359 1133 1398 facimus
1168 1362 1496 1408 argumentum,
1532 1370 1615 1407 quo
1647 1359 1886 1398 scholiasta
1917 1368 2071 1397 vocem

437 1431 544 1481 ἱερόν
577 1433 795 1480 explicare
828 1434 1000 1481 studet;
1034 1444 1191 1472 sanam
1225 1435 1342 1473 enim
1375 1436 1559 1474 invertit
1590 1435 1824 1482 rationem,
1859 1444 1958 1472 cum
1990 1433 2075 1472 Ho-

438 1517 609 1546 merum
655 1510 766 1547 hanc
809 1510 860 1547 ob
905 1520 1082 1548 causam
1118 1521 1269 1549 vocem
1303 1511 1555 1549 adhibuisse
1587 1509 1832 1559 perhibeat,
1866 1511 2071 1557 quoniam

438 1584 536 1630 post
567 1583 810 1623 Homerum
827 1585 885 1623 ibi
904 1584 1239 1624 sacrificaretur.
1260 1586 1344 1633 Sed
1362 1586 1487 1624 iuxta
1515 1586 1622 1624 alios
1648 1588 1848 1624 auctores
1874 1585 2074 1622 laudatos

435 1659 675 1697 scholiasta
707 1659 938 1698 confirmat
970 1660 1182 1699 Troianae
1210 1662 1316 1699 deae
1343 1661 1627 1699 sanctitatem
1656 1660 2074 1707 venerationemque

438 1734 530 1772 eius
578 1735 733 1782 templi
774 1746 849 1782 per
888 1736 1037 1774 omnia
1079 1736 1256 1774 saecula
1298 1737 1593 1775 observatam.
1638 1735 1764 1775 Certe
1806 1736 1925 1774 hisce
1966 1735 2073 1774 locis

437 1809 663 1848 litterariis
685 1820 770 1848 non
789 1811 1066 1859 impedimur,
1096 1812 1216 1859 quin,
1247 1812 1360 1858 quod
1389 1822 1520 1859 supra
1548 1812 1888 1859 declaravimuS‚
1908 1813 2073 1859 repeta-

435 1895 536 1923 mus
556 1885 746 1932 virgines
773 1885 994 1924 locrenses
1022 1887 1110 1924 iam
1139 1888 1240 1925 ante
1258 1897 1421 1925 annum
1441 1888 1526 1925 700
1560 1887 1603 1924 in
1621 1887 1836 1925 Troadem
1855 1896 1952 1924 esse
1970 1886 2070 1924 mis·

436 1969 521 1998 sas.
552 1960 662 1998 Nam
686 1961 835 1999 Locris
863 1971 1031 2009 quoque
1059 1962 1361 2010 Epizephyriis
1391 1962 1610 2010 virginum
1637 1960 1839 2000 sacrificii
1856 1961 2071 2000 memoria

435 2035 706 2074 servabatur.
737 2037 888 2075 Nonne
916 2038 1118 2076 homines
1146 2038 1203 2076 ibi
1231 2038 1521 2085 loquebantur
1549 2038 1599 2076 de
1622 2038 1826 2086 „centum
1844 2037 2069 2087 familiis'’‚

436 2120 457 2147 e
490 2111 646 2157 quibus
681 2112 874 2159 virgines
918 2113 1222 2160 eligebantur?
1266 2113 1417 2151 Nonne
1456 2113 1663 2151 mulieres
1696 2113 1863 2159 virique
1895 2113 2014 2152 hisce
2047 2124 2069 2151 e

436 2187 609 2224 centum
658 2187 860 2226 domibus
907 2198 961 2226 ex
1010 2188 1198 2236 Opuntia
1241 2190 1284 2226 in
1322 2189 1499 2227 Italiam
1534 2189 1840 2227 transierant?
1887 2188 2071 2227 Condita

435 2262 584 2299 autem
628 2262 730 2300 urbs
773 2265 842 2301 est
886 2264 1040 2311 Magna
1083 2264 1125 2302 in
1170 2264 1350 2302 Graecia
1393 2264 1564 2302 circiter
1598 2264 1683 2302 700
1716 2274 1753 2302 a.
1789 2263 1831 2302 C.
1867 2274 1907 2302 n.
1941 2264 2070 2302 Ritus

433 2336 566 2382 igitur
597 2339 641 2374 ιη
668 2339 813 2385 patria
846 2340 1001 2379 octavo
1034 2340 1124 2378 iam
1157 2340 1333 2378 saeculo
1367 2340 1696 2388 observabatur,
1731 2340 1842 2387 quod
1877 2342 1920 2378 et
1947 2350 2068 2388 argu·

435 2414 633 2450 mentum
653 2424 704 2451 ex
727 2414 980 2461 [liuperside
1000 2417 1130 2462 atque
1150 2415 1255 2453 illud
1274 2425 1296 2453 e
1315 2416 1426 2454 cista
1443 2414 1618 2463 Cypseli
1636 2416 1823 2463 petitum
1843 2415 2069 2453 docebant.

435 2486 707 2526 Millenniuni
757 2489 807 2526 de
855 2500 938 2536 quo
987 2490 1180 2537 loquitur
1226 2490 1433 2528 Timaeus
1476 2490 1591 2528 haud
1634 2490 1762 2528 dubie
1805 2490 1969 2537 plenior
2001 2491 2070 2527 est

431 2571 661 2609 numerus,
697 2564 808 2602 ritus
843 2567 991 2603 autem
1025 2566 1189 2604 saeculi
1223 2566 1335 2604 forte
1369 2566 1514 2604 octavi
1547 2565 1672 2603 initio
1706 2566 1926 2612 antiquior
1959 2565 2039 2603 est.

493 2638 550 2675 At
593 2638 728 2676 obicis
772 2640 888 2678 viros
933 2641 983 2678 de
1025 2641 1150 2679 bonis
1196 2641 1338 2679 literis
1385 2641 1550 2689 optime
1597 2640 1779 2678 meritos
1816 2640 2067 2678 Eduardum

433 2711 576 2759 Meyer
613 2715 657 2751 et
694 2714 867 2753 Ericum
892 2716 1028 2754 Bethe
1057 2716 1300 2763 praefracte
1329 2725 1514 2763 negasse
1543 2715 1730 2753 Graecos
1759 2716 1860 2752 ante
1889 2715 2066 2753 initium

431 2787 595 2825 saeculi
627 2789 769 2826 octavi
803 2790 846 2827 in
879 2790 1043 2829 Troade
1077 2792 1204 2829 sedes
1237 2801 1488 2839 occupasse.

493 2863 608 2910 Scio,
635 2864 679 2901 at
707 2865 970 2911 protulimus
998 2869 1309 2914 argumentum
1343 2876 1426 2914 quo
1460 2866 1567 2905 haec
1600 2866 1821 2904 sententia
1848 2865 2068 2904 debilitari

433 2940 585 2987 possit.
628 2939 808 2978 Accedit
848 2941 959 2987 quod
1002 2941 1274 2990 felicissime,
1319 2943 1356 2980 si
1390 2942 1490 2989 quid
1526 2941 1746 2989 videmus,
1783 2941 1893 2979 hanc
1932 2941 2065 2989 opini-

433 3024 560 3052 onem
603 3015 692 3053 iam
735 3015 961 3063 impulerit
999 3016 1221 3055 Bruckner
1254 3017 1296 3061 (l.
1331 3018 1357 3055 l.
1394 3027 1433 3065 p.
1467 3018 1589 3063 50'9);
1634 3018 1677 3055 et
1708 3016 1820 3063 quod
1865 3016 1963 3064 plus
2001 3018 2070 3054 est
