2141 3487
822 316 874 344 DE
907 316 1052 344 AIACE.
1695 313 1748 349 95

187 431 372 479 Nuptiae
419 431 580 469 Bacchi
631 440 729 469 cum
780 430 976 478 Physcoa
1024 431 1136 469 unde
1179 432 1355 479 genitus
1397 432 1633 482 Narcaeus,
1684 435 1754 481 qui

124 507 290 554 primus
334 505 551 545 Minervae
595 505 785 544 condidit
827 505 1062 554 templum,
1108 508 1308 554 spectant
1341 507 1391 545 ad
1426 507 1593 546 cultum
1627 518 1753 556 quen-

123 582 223 620 dam
267 582 460 620 Eliacum
498 581 684 620 triadem
727 582 908 620 deorum
952 581 1226 631 amplexum,
1260 593 1342 630 quo
1376 584 1499 621 erant
1533 584 1753 622 coniuncti

123 657 337 706 BacchuS‚
386 657 524 696 Diana
570 657 770 706 (Orthia),
817 658 1026 696 Minerva.
1076 657 1298 705 Physcoae
1347 668 1449 697 vero
1491 669 1651 698 nomen
1700 670 1754 697 ex

123 732 242 771 Elide
275 733 327 771 ad
360 734 601 772 Locrenses
633 744 712 772 nos
745 733 911 772 reducit
942 735 985 772 et
1016 733 1191 780 quidem
1226 734 1277 772 ad
1312 733 1463 773 urbem
1491 734 1752 774 Locrensem

122 809 362 858 Physcum,
421 820 559 857 neque
617 810 658 848 in
708 810 788 848 hac
836 809 1012 857 regione
1059 809 1217 848 Bacchi
1265 809 1520 858 nuptiarum
1570 811 1757 859 vestigia

122 885 344 934 afuerunt,
379 895 481 923 nam
515 896 569 924 ex
604 885 783 924 Homeri
817 884 1080 931 Hesiodique
1115 885 1355 923 certamine
1389 888 1466 929 (vs.
1498 885 1597 931 216)
1631 896 1755 936 appa-

123 964 190 1000 ret
231 959 369 1012 ἑορτὴν
401 961 616 1000 Ariadnes
647 964 792 1000 actam
826 971 923 1000 esse
972 962 1015 999 in
1059 962 1252 1000 Locridis
1295 962 1400 1001 urbe
1447 960 1583 1015 Οἰνόῃ.
1622 963 1755 1001 Nimi-

124 1047 220 1075 rum
254 1036 493 1085 agebantur
524 1037 581 1075 ibi
614 1037 828 1075 Ariadnes
862 1047 960 1075 cum
994 1037 1164 1076 Baccho
1197 1038 1386 1085 nuptiae.

182 1113 397 1151 Exstabat
428 1122 597 1160 quoque
628 1112 733 1151 urbs
764 1113 910 1151 Eliaca
942 1112 1165 1151 dialectice
1193 1113 1412 1161 appellata
1446 1113 1612 1164 Βοινόα,
1644 1115 1755 1162 quod

124 1198 284 1228 nomen
317 1189 418 1236 quin
448 1198 547 1227 cum
582 1189 726 1227 Oeneo
761 1188 931 1226 Aetolio
966 1189 1008 1226 et
1041 1198 1140 1226 cum
1175 1189 1395 1227 Oenomao
1428 1189 1571 1229 Eliaco
1606 1192 1754 1229 cohae—

122 1266 216 1303 reat
257 1264 403 1303 nullus
446 1266 550 1312 puto
593 1263 821 1302 dubitabit.
856 1263 938 1302 Sed
971 1265 1096 1312 pater
1130 1264 1262 1303 Oenei
1296 1264 1480 1312 Phylius
1514 1268 1597 1314 est,
1633 1267 1757 1306 cuius

123 1340 227 1379 urbs
267 1341 310 1379 in
351 1340 470 1378 Elide
514 1341 695 1378 vocatur
737 1339 969 1387 Phyteum.
1003 1338 1235 1378 Contendit
1268 1340 1483 1379 Luebbert
1517 1341 1624 1386 (Ind.
1658 1342 1755 1382 lect.

124 1417 260 1456 Bonn.
313 1417 438 1462 1882)
487 1417 702 1465 Phyteum
749 1416 866 1455 idem
913 1416 1049 1454 fuisse
1092 1426 1141 1454 ac
1183 1416 1419 1455 Boenoam.
1464 1418 1757 1465 Agnoscimus

122 1492 296 1531 PIndari
338 1493 691 1531 observationem
730 1492 842 1531 serie
876 1491 1105 1530 nominum
1142 1492 1184 1529 in
1219 1494 1401 1539 utraque
1435 1493 1610 1540 regione
1643 1494 1760 1533 obvi-

125 1578 249 1607 orum
284 1567 555 1616 confirmari;
599 1567 900 1616 intellegimus
934 1567 1115 1605 nomina
1147 1567 1255 1605 haec
1288 1567 1516 1606 simillima
1548 1569 1761 1609 similium

124 1644 320 1684 cultuum
363 1646 524 1684 indicia
567 1645 809 1692 continere,
846 1645 920 1683 sed
955 1644 1024 1682 vel
1058 1644 1245 1683 minima
1277 1645 1424 1683 Aiacis
1458 1645 1767 1685 Telamonisve

122 1721 288 1760 mentio
337 1721 475 1760 abest.
524 1721 648 1759 Unde
691 1722 872 1769 apparet
915 1720 1081 1768 optimo
1124 1721 1218 1759 iure
1261 1731 1393 1768 supra
1435 1730 1516 1759 nos
1551 1722 1764 1761 statuisse

123 1796 376 1835 Telamonis
425 1795 592 1835 cultum
638 1796 690 1835 ad
735 1796 886 1834 Sinum
930 1796 1189 1834 Saronicum
1230 1806 1329 1834 esse
1369 1797 1680 1844 quaerendum.
1712 1797 1763 1835 Et

125 1882 276 1911 revera
308 1871 495 1910 simulac
524 1872 738 1910 orientem
768 1881 925 1910 versus
953 1881 1133 1919 gressus
1160 1871 1346 1910 tulimus
1375 1874 1552 1911 nostros
1580 1873 1767 1921 vestigia

126 1948 270 1997 cupita
302 1948 562 1996 detegimus.

184 2023 447 2063 Audivimus
486 2024 602 2063 enim
648 2024 806 2062 Bacchi
839 2033 989 2063 sacras
1022 2023 1203 2071 nuptias
1241 2025 1362 2062 actas
1395 2023 1530 2062 fuisse
1564 2024 1765 2074 Λοκρίδος

125 2097 165 2137 ἐν
201 2099 337 2153 Οἰνόῃ.
370 2100 448 2138 Est
480 2101 587 2139 haec
616 2100 719 2138 urbs
752 2099 946 2138 Locridis
983 2099 1196 2146 Ozolidis;
1232 2090 1422 2137 vidimus
1455 2101 1602 2138 autem
1633 2109 1766 2147 supra

123 2175 262 2223 ipsius
310 2175 456 2214 Aiacis
503 2176 767 2214 memoriam
825 2185 1056 2224 superesse
1105 2175 1148 2213 in
1196 2175 1374 2213 Locride
1420 2174 1621 2223 Opuntia.
1670 2175 1763 2213 Iam

124 2251 316 2299 primum
372 2251 733 2300 introspiciamus
782 2261 998 2298 quaenam
1048 2250 1273 2289 exstiterit
1319 2250 1432 2289 ratio
1484 2250 1767 2298 genealogica

125 2326 257 2365 hasce
290 2327 404 2366 inter
437 2327 651 2375 regiones.

186 2402 303 2451 Opus
336 2402 458 2441 locus
492 2404 587 2441 erat

796 2473 842 2515 ἵν’
879 2476 1146 2528 αἰολοβρόντα
1180 2476 1275 2523 Διὸς
1309 2476 1403 2530 αἴσᾳ

424 2553 568 2604 Πύρρα
604 2552 836 2590 Δευκαλίων
868 2566 907 2590 τε
943 2554 1163 2604 Παρνασοῦ
1197 2551 1420 2603 καταβάντε

425 2627 550 2678 δόμον
583 2627 724 2666 ἔθεντο
757 2634 931 2679 πρῶτον,
963 2626 1052 2679 ἄτερ
1086 2623 1122 2666 δ’
1158 2627 1276 2674 εὐνᾶς
1310 2625 1519 2677 ὁμόδαμον

420 2704 658 2754 κτησάσθαν
690 2703 854 2742 λίθινον
885 2703 1020 2755 γόνον·

421 2777 510 2818 λαοὶ
543 2775 578 2817 δ’
616 2777 859 2829 ὀνόμασθεν.

186 2855 353 2893 Horum
392 2854 508 2894 filius
551 2857 643 2894 erat
684 2854 984 2903 Amphiction,
1030 2855 1102 2902 qui
1135 2854 1226 2902 ipse
1260 2855 1410 2902 genuit
1443 2853 1664 2892 Aetolum.
1698 2854 1761 2891 Ex

126 2930 281 2969 Aetolo
314 2932 448 2969 natus
480 2932 547 2969 est
588 2930 823 2978 Physcius,
859 2930 980 2968 cuius
1012 2940 1174 2968 nomen
1209 2940 1308 2968 cum
1343 2929 1568 2976 Physcoae
1595 2928 1667 2967 illo
1696 2939 1759 2967 co-

127 3007 287 3044 haeret.
323 3006 524 3045 Habebat
554 3006 769 3053 Physcius
803 3004 942 3044 filium
976 3005 1179 3054 Locrum,
1216 3006 1287 3052 qui
1320 3015 1397 3043 rex
1431 3007 1523 3043 erat
1556 3004 1761 3052 Lelegum
