2200 3487
375 325 429 362 44
1066 337 1120 363 DE
1152 336 1296 363 AiAcifl.

374 450 535 498 potest,
586 450 658 488 ubi
707 451 856 489 Graeci
904 450 1065 488 bellum
1114 449 1325 498 inferunt,
1375 450 1534 498 oppida
1580 450 1855 498 expugnant;
1897 449 2002 486 tunc

372 534 558 573 magnus
586 527 713 564 heros
742 525 1006 564 carminibus
1034 525 1215 572 dignum
1243 535 1290 563 se
1317 527 1530 575 praestat,
1558 526 1631 564 ubi
1659 524 1830 573 Graeci,
1855 524 1927 571 qui
1944 524 1998 561 ad

371 601 708 649 oppugnandum
750 603 983 649 venerunt,
1022 600 1104 648 ipsi
1135 600 1320 649 repulsi,
1353 601 1398 639 in
1429 600 1639 649 angulum
1672 600 1839 639 detrusi
1870 608 1996 647 oppu-

371 677 571 724 gnantur.
615 676 867 715 Celebratur
908 675 1042 723 igitur
1079 675 1194 713 Aiax
1226 675 1270 713 in
1302 675 1468 714 maiore
1501 675 1650 714 Iliadis
1681 677 1816 724 parte.
1850 673 2000 712 Iliadis

371 752 488 790 enim
536 753 730 800 nostrae,
774 752 840 790 cui
873 751 993 789 deest
1028 750 1173 801 Τροίας
1207 749 1369 800 ἅλωσις,
1401 752 1450 789 ut
1481 751 1543 789 ita
1575 751 1735 800 dicam,
1770 749 1997 802 Odysseis‚

369 828 579 866 maiorem
611 829 781 876 partem
814 830 999 875 occupat
1030 827 1229 866 Aianteis
1262 828 1523 872 (castrorum
1556 836 1812 875 graecorum
1839 835 1996 874 oppug-

369 904 502 948 natio)
521 914 651 951 quam
679 903 889 942 Achilleis
918 903 1220 948 (Troianorum
1247 903 1368 951 fuga,
1397 902 1602 941 Hectoris
1630 901 1821 948 caedes);
1848 910 1996 948 quam-

369 990 500 1027 quam
547 980 729 1018 Achillis
777 990 935 1018 nomen
978 980 1140 1018 clarius
1182 980 1272 1018 iam
1314 979 1358 1018 in
1391 979 1597 1018 carminis
1630 978 1753 1017 initio
1785 977 1996 1016 lectorum

368 1058 566 1095 animum
599 1057 641 1093 in
674 1066 720 1094 se
754 1057 934 1094 vertens
967 1055 1089 1094 Aiaci
1122 1055 1236 1094 haud
1268 1065 1455 1104 parvum
1484 1055 1799 1093 detrimentum
1834 1052 1998 1092 attulit.

427 1133 505 1171 Est
532 1133 616 1171 alia
643 1142 810 1180 quoque
838 1142 908 1170 res
934 1131 1171 1170 observatu
1200 1132 1471 1180 dignissima.
1500 1131 1654 1169 Nullus
1680 1130 1769 1169 fere
1788 1131 1855 1168 est
1870 1129 1999 1167 heros

366 1209 458 1247 sive
489 1209 533 1246 in
566 1208 721 1247 castris
753 1207 920 1256 graecis
952 1207 1047 1246 sive
1078 1208 1120 1246 in
1152 1208 1352 1256 troianis,
1390 1207 1493 1255 quin
1520 1207 1742 1245 interdum
1771 1206 1822 1244 ab
1852 1205 1997 1253 aliquo

365 1284 546 1323 numine
574 1284 816 1322 adiuvetur.
847 1283 1059 1322 Certatim
1085 1284 1192 1323 Iuno
1221 1284 1263 1322 et
1289 1283 1484 1322 Minerva
1505 1282 1709 1322 heroibus
1728 1281 2000 1331 opitulantur

366 1360 458 1398 sive
486 1358 781 1408 pugnantibus
810 1359 904 1397 sive
930 1359 1213 1408 fugientibus.
1241 1359 1621 1407 Agamemnonem
1647 1358 1802 1396 harum
1821 1358 2000 1396 dearum

368 1436 448 1473 sub
482 1435 689 1483 auspiciis
721 1435 765 1474 in
798 1445 992 1484 pugnam
1025 1436 1360 1475 descendentem
1393 1435 1585 1474 ostendit
1611 1434 1735 1473 nobis
1761 1436 1802 1472 A
1828 1434 1884 1472 44
1911 1443 1998 1481 sq.:

903 1509 966 1550 ἐπὶ
1000 1507 1036 1549 δ’
1072 1509 1334 1563 ἐγδούπησαν
1366 1510 1562 1561 Ἀθηναίη
1595 1524 1633 1548 τε
1669 1507 1735 1548 καὶ
1755 1506 1863 1560 ”Ηρη

605 1592 769 1637 τιμῶσαι
801 1587 974 1638 βασιλῆα
1005 1587 1273 1639 πολυχρύσοιο
1307 1586 1522 1638 Μυκήνης.

370 1662 613 1701 Menelaum
646 1663 689 1701 in
723 1673 771 1702 eo
804 1665 853 1702 ut
884 1663 1071 1702 Pandari
1097 1663 1261 1711 sagitta
1287 1663 1464 1703 mortali
1492 1661 1997 1702 conficiaturaMinerva

371 1738 560 1786 periculo
594 1742 851 1787 exemptum
886 1739 1087 1778 videmus
1119 1741 1154 1776 Δ
1190 1740 1271 1778 128
1304 1749 1390 1787 sq.:

991 1813 1088 1861 Διὸς
1120 1813 1305 1867 θυγάτηρ
1337 1812 1492 1866 ἀγελείη

608 1889 630 1939 ἥ
661 1904 720 1928 τοι
751 1888 905 1941 πρόσθε
937 1896 1061 1928 στᾶσα
1093 1888 1207 1942 βέλος
1239 1887 1444 1942 ἐχεπευκὲς
1476 1888 1617 1941 ἄμυνε.

426 1967 474 2004 In
520 1967 555 2003 E
597 1966 692 2015 ipsa
740 1966 934 2005 Minerva
974 1966 1198 2006 Diomedis
1241 1967 1468 2006 adscendit
1501 1976 1691 2006 currum.
1724 1965 1886 2004 Eadem
1918 1964 1998 2003 dea

367 2052 582 2089 nusquam
616 2053 701 2081 non
734 2052 861 2091 opem
895 2042 980 2082 sert
1010 2042 1145 2081 Ulixi.
1180 2042 1402 2092 Patroclo,
1437 2042 1509 2081 ubi
1535 2043 1747 2081 Troianos
1774 2042 1818 2079 in
1844 2041 1995 2089 fugam

368 2117 541 2166 conicit,
576 2118 768 2167 Iuppiter
800 2118 892 2167 ipse
921 2119 1058 2157 adest.
1087 2118 1137 2156 In
1166 2118 1407 2157 certamine
1432 2119 1547 2157 inter
1574 2117 1792 2157 Achillem
1821 2118 1862 2156 et
1889 2116 1995 2155 Hec-

367 2194 509 2231 torem
542 2194 689 2233 habito
722 2194 960 2233 Troianum
992 2195 1139 2244 potius
1172 2195 1394 2234 Minervae
1420 2194 1532 2233 dolis
1560 2204 1693 2241 quam
1721 2193 1764 2232 vi
1792 2194 1835 2232 et
1861 2192 1999 2232 armis

368 2268 551 2307 Achillis
583 2272 837 2317 superatum
872 2280 970 2309 esse
1003 2271 1135 2309 dicas.
1164 2270 1319 2318 Apollo
1347 2270 1418 2309 diu
1445 2269 1581 2309 fidum
1608 2270 1777 2309 socium
1806 2279 1853 2308 se
1880 2277 1997 2318 prae-

367 2345 459 2382 stat
500 2344 690 2384 Hectori.
732 2347 902 2385 Aeneas
943 2357 969 2384 a
999 2348 1142 2386 matre
1174 2347 1290 2385 hosti
1325 2349 1501 2395 ereptus
1535 2347 1587 2385 ab
1622 2346 1824 2395 Apolline
1857 2355 2002 2384 serva-

369 2420 453 2468 tur,
488 2430 513 2457 a
543 2419 680 2458 Diana
712 2423 905 2461 sanatur.

430 2495 543 2532 Aiax
589 2497 738 2534 autem
781 2497 901 2536 solus
941 2497 1057 2536 nulla
1102 2497 1282 2536 deorum
1321 2507 1399 2546 ope
1434 2497 1626 2536 confisus
1659 2498 1740 2536 init
1772 2496 2001 2546 proelium.

369 2570 519 2608 Iovem
563 2571 737 2617 quidem
775 2582 850 2619 pro
893 2583 941 2611 eo
974 2572 1183 2611 invocant
1214 2572 1377 2612 Achaei
1409 2574 1647 2620 antequam
1681 2582 1779 2612 cum
1812 2572 2000 2611 Hectore

367 2647 588 2684 certamen
620 2647 720 2695 init,
754 2648 829 2686 sed
861 2649 1055 2697 Iuppiter
1087 2650 1327 2696 utrumque
1360 2649 1522 2697 pariter
1550 2649 1731 2687 adiuvat
1756 2648 1825 2687 vel
1851 2648 1997 2696 potius

368 2730 453 2759 non
481 2721 674 2762 adiuvat.
702 2723 812 2761 Nam
840 2724 943 2762 licet
968 2724 1121 2772 Apollo
1149 2724 1386 2763 Hectorem
1415 2725 1635 2763 iacentem
1653 2725 1794 2772 erigat
1811 2725 1859 2769 <H
1876 2725 1996 2773 272),

369 2796 420 2834 de
461 2806 539 2845 ope
581 2807 606 2835 a
647 2797 747 2836 Iove
782 2799 850 2837 vel
886 2798 1061 2838 Hectori
1094 2799 1162 2839 vel
1196 2800 1319 2839 Aiaci
1352 2800 1486 2839 allata
1517 2799 1656 2838 altum
1688 2801 1816 2849 poeta
1847 2802 1996 2839 servat

368 2872 606 2911 silentium.

427 2948 510 2996 Ita,
547 2958 645 2986 cum
679 2949 827 2988 nullus
860 2952 1009 2989 exstat
1040 2951 1180 3002 locus,
1210 2953 1283 2991 ubi
1310 2952 1517 3001 peculiari
1545 2952 1773 2991 cuiusdam
1801 2952 1994 2990 numinis

368 3032 447 3071 ope
490 3023 618 3062 heros
660 3026 810 3063 noster
852 3026 894 3064 in
926 3026 1087 3074 proelio
1121 3029 1369 3079 adiuvatur,
1401 3027 1648 3066 mirabundi
1680 3027 1871 3077 legimus
1903 3038 1991 3071 ver·
