2141 3487
828 314 882 340 DE
914 314 1059 342 ArAcE.
1676 303 1756 340 123

130 431 282 470 aedem
325 430 543 469 intrarant
594 428 862 476 genibusque
905 426 1155 465 submissae
1210 426 1349 464 vitam
1404 425 1763 474 deprecabantur,

131 516 181 545 ea
227 506 322 554 lege
370 505 510 543 vitam
557 503 812 552 servabant,
863 504 912 542 ut
956 513 1032 550 per
1074 502 1287 548 reliquam
1332 501 1473 539 vitam
1507 500 1765 538 ancillarum

132 591 312 620 munere
343 590 390 619 se
420 581 649 619 functuras
682 588 779 618 esse
807 578 1130 627 pollicerentur.
1160 577 1234 615 Sin
1261 576 1414 614 aedem
1434 575 1767 623 egrediebantur

131 657 410 696 necabantur.
450 656 532 694 Pro
573 655 778 694 defuncta
819 654 988 702 virgine
1030 663 1191 691 novam
1225 653 1305 690 dea
1336 651 1558 699 exigebat,
1593 651 1769 688 mortua

132 743 234 771 vero
267 734 418 780 utpote
445 731 700 770 numinibus
727 729 908 781 χθονίοις
934 739 1060 768 sacra
1081 728 1213 776 lignis
1240 727 1450 766 feralibus
1474 725 1769 765 comburenda

132 810 238 847 erat.
273 808 394 846 Binis
426 807 584 855 puellis
617 807 697 846 dea
730 808 937 845 contenta
969 815 1067 844 esse
1100 803 1370 843 credebatur.

193 883 235 921 Si
284 883 460 931 propius
501 882 762 931 inspicimus
804 891 974 920 morem
1017 880 1297 927 modumque,
1332 888 1417 926 quo
1452 877 1644 925 virgines
1677 877 1769 915 vita

130 959 360 998 defunctae
407 968 429 997 e
478 958 619 997 medio
668 957 952 1005 tollebantur,
995 957 1174 1004 apparet
1207 955 1316 993 duos
1356 954 1468 991 ritus
1501 953 1638 991 fuisse
1673 962 1767 990 con-

128 1035 313 1073 iunctos.
360 1033 737 1073 Comburebantur
774 1032 891 1071 enim
926 1033 970 1070 et
1001 1032 1170 1070 cineres
1202 1031 1247 1068 in
1280 1040 1400 1069 mare
1433 1028 1769 1077 proiciebantur.

131 1111 221 1149 Mos
269 1112 419 1148 autem
468 1109 753 1148 comburendi
795 1107 1020 1146 obtinebat
1061 1107 1104 1145 in
1146 1106 1201 1145 iis
1243 1104 1490 1152 sacrificiis,
1538 1114 1647 1151 quae
1690 1106 1769 1149 τοῖς

129 1185 412 1237 καταχθονίοις
454 1184 637 1232 fiebant3
683 1184 924 1223 Vocabatur
957 1180 1204 1221 ὃλοκοιυτοῦν
1238 1182 1389 1227 (SChOl.
1426 1181 1527 1221 Oed.
1562 1180 1649 1219 Col.
1685 1180 1771 1225 42).

131 1263 179 1300 In
223 1272 344 1300 mare
386 1271 489 1299 vero
532 1260 855 1309 proiciebantur
888 1259 1096 1298 victimae
1128 1261 1208 1304 τοῖς
1240 1256 1477 1308 καθαρσίοις
1512 1257 1770 1295 destinatae.

133 1337 202 1376 Sic
233 1337 357 1376 initio
390 1338 434 1375 in
467 1337 611 1375 insula
644 1336 840 1375 Leucade
884 1335 1121 1383 quotannis
1153 1334 1345 1383 Apollini
1377 1332 1585 1383 περίψημα
1618 1332 1771 1370 huma-

130 1423 236 1451 num
271 1423 295 1451 a
329 1413 508 1461 rupibus
541 1413 649 1451 deici
682 1412 869 1459 solebat;
904 1413 1058 1460 postea
1092 1421 1193 1450 vero
1227 1409 1433 1449 navicula
1465 1409 1694 1447 victimam
1728 1407 1771 1445 in

131 1489 240 1527 mari
257 1489 505 1537 excipiebat
523 1489 788 1535 salvumque
806 1489 928 1526 trans
946 1486 1054 1525 fines
1069 1486 1362 1525 comitabatur
1376 1485 1532 1530 (Strab.
1548 1484 1638 1532 Xp.
1653 1483 1769 1526 452).

130 1564 324 1612 Uterque
358 1575 454 1603 mos
487 1565 529 1602 in
566 1564 808 1612 virginibus
839 1563 1132 1602 Locrensibus
1160 1573 1181 1601 e
1209 1562 1354 1601 medio
1391 1560 1596 1599 tollendis
1629 1558 1769 1598 obser-

135 1640 328 1689 vabatur,
363 1640 427 1679 ita
458 1642 508 1678 ut
539 1640 654 1678 clare
687 1642 896 1688 appareat
922 1641 1015 1678 tam
1044 1639 1137 1677 deis
1164 1637 1346 1688 χθονίοις
1373 1647 1506 1685 quam
1534 1634 1771 1686 καθαρσίοις

129 1726 203 1755 eas
235 1716 374 1755 fuisse
407 1716 667 1756 destinatas.
703 1716 878 1754 Tertius
910 1715 1043 1754 etiam
1080 1724 1177 1752 mos
1209 1714 1253 1752 in
1280 1714 1368 1752 ritu
1395 1714 1518 1751 latet.
1548 1711 1773 1751 Cadavera

131 1792 247 1831 enim
290 1792 467 1831 illarum
502 1792 722 1840 virginum
754 1792 844 1839 igni
878 1790 1214 1839 mandabantur,
1248 1799 1357 1837 quae
1390 1799 1415 1827 a
1446 1787 1614 1827 civibus
1646 1788 1772 1825 extra

130 1869 348 1917 templum
389 1869 656 1917 interceptae
702 1868 918 1917 lapidibus
960 1867 1140 1906 obrutae
1183 1867 1320 1905 erant.
1365 1864 1611 1903 Accedebat
1641 1863 1774 1910 igitur

130 1941 154 1994 ἡ
187 1944 322 1996 σψαγή
359 1945 426 1983 vel
458 1941 482 1994 ἡ
517 1943 769 1993 κατάλευσις,
800 1942 842 1982 τὸ
876 1941 1146 1991 ἀποσφάττειν
1179 1940 1204 1993 ἢ
1237 1942 1481 1979 καταλεύειν.

191 2021 316 2059 Hunc
348 2021 482 2059 ritum
516 2021 756 2059 Locrenses
789 2020 832 2058 in
866 2019 1018 2059 Asiam
1053 2019 1323 2066 emigrantes
1355 2028 1506 2056 secum
1537 2017 1771 2055 duxerunt.

132 2097 196 2135 Ibi
243 2107 412 2144 quoque
461 2107 558 2135 mos
606 2096 826 2144 virginum
876 2094 1265 2133 sacrificandarum
1315 2093 1453 2132 semel
1500 2092 1669 2140 patriae
1720 2090 1773 2128 ob

131 2173 322 2211 salutem
364 2172 596 2210 institutus
639 2172 732 2210 erat
786 2171 1048 2219 servandus,
1098 2170 1358 2218 praesertim
1409 2179 1507 2207 cum
1555 2167 1771 2215 templum

137 2251 286 2302 Ἀθηνᾷ
313 2244 445 2301 Ἰλιείᾳ
475 2270 526 2273 -
562 2248 589 2286 i.
620 2258 654 2286 e.
691 2247 797 2286 deae
830 2247 1035 2286 Locrensi
1064 2269 1116 2273 —
1144 2247 1237 2284 tam
1272 2245 1429 2284 celebri
1456 2245 1551 2283 loco
1580 2244 1773 2292 positum

133 2324 333 2363 omnium
376 2324 420 2362 in
461 2333 508 2361 se
541 2324 818 2362 converteret
850 2323 1017 2371 oculos,
1053 2322 1242 2369 talisque
1279 2320 1512 2360 celebritas
1544 2320 1770 2358 consuetu-

132 2399 278 2438 dinem
332 2399 624 2437 inveteratam
672 2398 715 2436 in
764 2398 1102 2437 desuetudinem
1151 2397 1269 2435 abire
1322 2406 1409 2435 non
1462 2396 1641 2434 sineret.
1691 2394 1772 2432 Sed

132 2485 233 2514 cum
272 2474 383 2512 Aiax
423 2473 513 2512 iam
556 2474 600 2511 in
644 2473 798 2512 Asiam
831 2473 1219 2521 transmigrasset,
1256 2473 1447 2519 deaeque
1481 2471 1685 2509 sacerdos
1720 2470 1771 2507 ab

134 2551 264 2589 Aiace
304 2550 443 2597 petita
485 2559 560 2597 pro
605 2549 767 2587 Priami
810 2547 900 2586 filia
939 2548 1173 2587 haberetur
1210 2547 1526 2595 pulcherrima,
1561 2546 1717 2584 domus
1751 2555 1772 2582 e

132 2626 289 2673 quibus
333 2625 527 2672 virgines
569 2624 776 2662 victimae
820 2623 1088 2670 eligerentur
1131 2625 1174 2661 in
1216 2623 1397 2661 Locride
1446 2623 1774 2662 remanserant:

135 2711 187 2739 ex
216 2701 310 2749 ipsa
332 2701 465 2749 igitur
483 2699 737 2739 colonorum
756 2699 901 2747 patria
919 2699 1127 2737 victimae
1146 2699 1188 2736 in
1207 2699 1360 2737 Asiam
1380 2698 1504 2736 erant
1520 2697 1776 2735 mittendae.

193 2776 304 2814 Nam
337 2779 386 2814 ut
427 2775 584 2824 Tityus
627 2775 848 2823 terrigena
889 2774 1008 2812 mala
1051 2776 1176 2812 actus
1213 2774 1392 2812 libidine
1424 2774 1638 2811 Latonam
1672 2771 1773 2809 arri-

133 2853 247 2902 puit;
297 2854 345 2890 ut
392 2851 539 2890 Pallas
586 2851 779 2899 primum
829 2850 952 2897 gigas
1000 2850 1249 2897 ([Apollod].
1284 2850 1316 2895 Ι,
1351 2851 1390 2897 6,
1428 2849 1466 2893 2)
1511 2847 1663 2886 deinde
1697 2856 1776 2884 rex

134 2927 356 2975 mythicus
389 2927 501 2975 apud
534 2926 824 2974 Lycabettum
858 2925 984 2962 iuxta
1017 2925 1258 2963 Minervam
1288 2924 1512 2962 Pallenida
1535 2923 1775 2961 honoratus

132 3003 245 3041 hanc
287 3012 414 3041 suam
457 3002 596 3050 ipsius
638 3000 774 3038 filiam
817 3002 884 3038 est
925 3000 1123 3048 adortus,
1159 3001 1222 3038 sic
1257 3000 1372 3038 Aiax
1403 2999 1528 3047 gigas
1560 2997 1773 3036 locrensis
