2200 3487
469 343 548 380 196
942 351 995 378 DE
1028 350 1314 379 EUGAMMoms
1346 351 1603 380 TELEGONIA.

461 469 504 504 te
536 466 726 513 gestare,
761 464 912 501 statim
946 474 1117 503 remum
1149 465 1192 503 in
1225 467 1341 503 terra
1371 465 1519 513 infige,
1548 466 1862 504 suovetaurilia
1885 465 2082 513 Neptuno

462 541 567 580 offer
607 551 656 578 ac
696 540 868 577 domum
900 540 1008 588 redi,
1051 540 1124 577 ubi
1154 541 1346 578 omnibus
1378 541 1456 578 diis
1488 541 1793 579 immortalibus
1825 541 1897 587 qui
1928 541 2081 578 coelum

458 617 640 654 incolum
671 625 795 653 sacra
816 615 995 662 facias”.

517 692 566 729 In
608 690 864 738 Telegoniae
907 691 1052 729 autem
1094 694 1218 739 parte
1262 691 1404 738 priore
1439 713 1491 718 —
1525 701 1627 729 nam
1662 691 1810 729 Proclo
1842 693 1955 729 teste
1988 693 2082 729 erat

459 768 600 806 divisa
653 766 697 804 in
755 765 888 803 libros
944 766 1052 804 duos
1098 788 1147 793 -
1189 766 1379 814 legimus
1427 767 1554 804 haec:
1619 766 1790 814 „Procis
1837 767 2080 805 interfectis

451 841 665 887 Ὀδυσσεὺς
710 841 841 887 θύσας
884 841 1080 890 Νύμφαις
1123 840 1177 884 εἰς
1212 833 1327 879 ἴΗλιν
1365 839 1541 879 ἀποπλεῖ
1567 840 1878 890 ἐπισκεψόμενος
1909 841 1955 879 τὰ
1985 842 2080 892 βου-

455 917 569 956 κόλια
615 915 681 954 καὶ
719 916 904 962 ξενίζεται
947 915 1055 965 παρὰ
1099 914 1314 971 Πολυξένῳ
1350 917 1481 966 δῶρον
1513 931 1552 954 τε
1585 916 1780 967 λαμβάνει
1812 921 1987 966 κρατῆρα
2018 914 2084 954 καὶ

457 991 520 1031 ἐπὶ
565 992 688 1046 τούτῳ
731 990 777 1029 τὰ
818 990 906 1041 περὶ
952 991 1190 1041 Τροφώνιον
1231 990 1296 1029 καὶ
1334 991 1556 1042 Ἀγαμήδην
1588 993 1655 1029 καὶ
1683 991 1871 1042 Αὐγείαν.
1905 990 2082 1029 ἔπειτα

452 1068 526 1115 εἰς
554 1065 773 1117 Ἰθάκην
815 1067 1208 1115 καταπλεύσας,
1250 1067 1336 1112 τὰς
1374 1066 1472 1105 ὑπὸ
1509 1068 1788 1116 Τειρεσίου
1821 1066 2080 1117 ῥηθείσας

451 1147 588 1182 τελεῖ
628 1143 853 1188 θυσίας”
902 1143 1009 1181 i,e.:
1058 1142 1248 1191 „Deinde
1292 1143 1490 1182 Ithacam
1534 1153 1739 1182 reversus
1781 1153 1906 1182 sacra
1952 1143 2079 1190 facit,

451 1231 560 1269 quae
594 1219 813 1258 coelicolis
846 1218 1002 1256 offerre
1035 1218 1224 1257 Tiresias
1257 1229 1355 1257 eum
1389 1219 1624 1257 iusserat.”

514 1294 717 1345 „Quando
750 1295 894 1341 ver0”,
928 1296 1052 1342 rogat
1086 1295 1322 1342 Svoronos,
1363 1295 1567 1343 „domurn
1600 1295 1740 1333 redire
1768 1297 1812 1332 et
1837 1293 2083 1333 sacrificare

451 1372 664 1411 debebat?
706 1371 901 1418 Scilicet,
946 1380 1045 1408 cum
1079 1371 1303 1408 hominem
1336 1372 1601 1419 invenisset,
1637 1371 1709 1417 qui
1741 1380 1885 1408 rerum
1919 1370 2082 1409 mariti-

451 1458 622 1486 marum
649 1456 829 1496 prorsus
857 1448 973 1484 esset
1000 1446 1193 1493 ignarus.
1224 1445 1362 1493 Quare
1391 1446 1427 1483 si
1456 1446 1543 1483 iam
1572 1456 1684 1483 minc
1710 1446 1907 1483 Ithacam
1922 1445 2084 1484 reverti

451 1526 495 1562 et
535 1533 660 1561 sacra
702 1523 759 1560 ibi
800 1522 944 1560 facere
977 1523 1141 1570 potest,
1175 1531 1353 1559 necesse
1382 1523 1446 1560 est
1479 1522 1519 1559 in
1555 1521 1825 1570 Peloponneso
1857 1521 2079 1559 hominem

451 1599 574 1637 illum
610 1598 872 1636 invenerit.’'

509 1673 766 1721 Telegoniae
798 1673 929 1720 igitur
971 1675 1158 1720 priorem
1193 1674 1361 1720 partem
1391 1673 1453 1710 sic
1487 1673 1775 1720 compositam
1809 1671 1945 1710 fuisse
1979 1672 2076 1710 Svo·

450 1759 581 1788 ronos
628 1748 808 1796 probare
855 1748 1025 1786 studet:
1079 1747 1259 1796 „Ulixes
1302 1749 1443 1796 procis
1496 1747 1739 1786 interfectis
1780 1747 2080 1795 Nymphisque

450 1825 632 1873 placatis
675 1824 858 1871 navigat
900 1823 942 1860 in
985 1822 1172 1870 Elidem,
1216 1824 1265 1860 ut
1307 1824 1510 1861 armenta
1551 1833 1632 1861 sua
1664 1823 1890 1870 inspiciat;
1925 1833 1950 1861 a
1979 1833 2078 1870 rege

450 1900 690 1948 Polyxeno‚
741 1900 812 1945 qui
861 1900 1078 1936 crateram
1113 1899 1151 1936 ei
1185 1898 1296 1935 dono
1330 1898 1420 1945 dat,
1458 1899 1639 1936 comiter
1673 1900 1902 1946 exceptus,
1937 1899 2079 1936 denuo

451 1985 608 2014 navem
642 1974 857 2021 ascendit,
892 1976 940 2012 ut
972 1973 1194 2012 Lebadeae
1227 1973 1523 2021 Trophonium
1556 1973 1775 2021 consulat,
1805 1973 1980 2012 ubinam
2000 1975 2080 2012 ter-

449 2061 597 2090 rarum
640 2050 864 2088 hominem
907 2059 1056 2087 rerum
1101 2049 1424 2087 maritimarum
1466 2049 1670 2096 ignarum
1713 2049 1972 2087 inventurus
2007 2049 2078 2088 sit.

450 2126 682 2174 Trophonii
729 2126 856 2163 iussu
898 2125 941 2162 in
983 2124 1215 2163 Arcadiam
1260 2124 1311 2162 ad
1351 2124 1618 2171 Agamedem
1655 2124 1899 2172 Stymphali
1931 2134 2075 2172 regem

449 2211 668 2249 reversus,
699 2201 869 2238 invenit
893 2199 951 2237 ibi
979 2199 1202 2237 hominem
1220 2200 1492 2246 quaesitum;
1513 2199 1710 2247 Neptuno
1728 2198 1961 2248 sacrificat,
1981 2200 2078 2238 dein

450 2278 645 2316 Ithacam
678 2277 808 2324 redit,
844 2276 919 2314 sed
950 2276 994 2313 in
1026 2275 1181 2313 itinere
1209 2275 1320 2323 apud
1348 2275 1534 2322 Augiam
1563 2275 1813 2313 devertitur.
1843 2275 1945 2313 Post
1972 2276 2079 2315 haec

451 2354 639 2392 Tiresiae
674 2352 938 2390 monitorum
971 2351 1082 2389 bene
1115 2360 1296 2398 memor,
1334 2350 1539 2388 omnibus
1565 2350 1646 2388 diis
1674 2349 1885 2388 sacrificia
1911 2351 2077 2391 offert”.

512 2429 576 2466 Ad
625 2428 735 2466 hanc
777 2427 1114 2476 explicationem
1158 2426 1468 2464 stabiliendam
1510 2425 1637 2463 affert
1680 2436 1718 2463 V.
1763 2425 1801 2463 d.
1845 2435 2074 2466 nummum

452 2505 667 2553 quendam
710 2504 972 2552 Mantineae,
1017 2503 1139 2541 cuius
1181 2503 1423 2550 imaginem
1466 2502 1737 2550 interpretari
1779 2502 2078 2541 numismatici

451 2581 672 2626 hucusque
722 2579 887 2617 frustra
933 2579 1170 2617 tentarant.
1219 2574 1623 2625 Percy-Gardner1)
1672 2579 1819 2616 autem
1868 2578 1930 2615 sic
1976 2588 2073 2616 eum

451 2655 676 2694 describit:
723 2655 865 2703 „male
906 2653 1059 2702 figure,
1104 2653 1310 2700 bearded‚
1355 2653 1546 2700 wearing
1584 2653 1741 2700 pileus,
1776 2653 1900 2690 short
1931 2653 2076 2691 chiton

451 2731 536 2778 girt
563 2740 617 2778 up
645 2730 727 2768 and
755 2730 876 2768 boots
905 2729 1013 2767 with
1039 2729 1140 2777 long
1168 2729 1274 2767 ends
1302 2728 1456 2766 turned
1484 2738 1557 2775 up,
1588 2727 1712 2765 holds
1734 2727 1776 2765 in
1797 2727 1946 2766 eather
1963 2727 2077 2766 hand

445 2805 623 2853 javelin.
655 2804 885 2843 Described
919 2815 967 2842 as
1000 2815 1024 2842 a
1056 2803 1294 2842 fisherman
1328 2803 1383 2851 by
1415 2803 1590 2841 Imhoof
1608 2799 1651 2847 2).
1685 2802 1788 2839 This
1816 2803 2076 2850 description

497 2924 520 2966 ¹)
552 2925 657 2956 Catal.
688 2925 800 2955 Greek
830 2924 931 2954 Coius
964 2925 1081 2962 Pelop.
1114 2934 1146 2962 p.
1175 2925 1248 2959 184,
1274 2924 1303 2953 6.
1328 2923 1450 2953 Exstat
1475 2922 1652 2960 exemplar
1676 2922 1778 2951 huius
1804 2923 1935 2952 nummi
1959 2923 2077 2960 Hagae

448 2986 590 3017 Comitis
613 2988 646 3016 in
672 2986 817 3025 pulchra
843 2984 1049 3015 collectione
1075 2985 1311 3014 Bibliothecae
1336 2984 1474 3021 Regiae.

492 3046 519 3089 2)
544 3049 718 3077 Monnaies
743 3047 921 3084 Grecques
947 3055 978 3084 p.
1008 3047 1083 3075 201.
