2141 3487
804 316 858 343 Dr:
889 315 1034 343 AiAcE.
1675 302 1730 341 73

167 431 400 479 Eurysacis
447 429 577 477 igitur
624 438 784 468 nomen
832 429 1095 476 argumento
1144 428 1287 466 afferri
1335 437 1420 466 non
1471 426 1638 474 debuit,
1687 425 1739 462 ad

107 505 495 555 comprobandum,
546 504 652 542 illud
705 514 874 552 quoque
922 503 1190 551 Telamonis,
1241 504 1351 550 quod
1401 503 1442 540 in
1491 500 1738 539 Homericis

107 584 194 621 iam
241 582 439 630 apparet,
482 580 618 618 simili
661 580 788 618 modo
830 590 854 617 a
896 579 1040 617 balteo
1081 577 1158 616 filii
1199 578 1312 617 scuti
1346 588 1441 616 esse
1474 576 1737 615 derivatum.

107 657 199 696 Iam
230 656 425 695 diximus
457 656 724 694 adiectivum
763 653 1016 703 Τελαμώνιον
1044 654 1268 701 antiquius
1296 653 1421 691 nobis
1448 651 1583 690 videri
1605 673 1658 678 —
1692 652 1741 688 ut

108 732 337 770 videbatur
354 731 532 770 Girardo
550 752 606 756 —
625 740 756 778 quam
777 730 904 768 heros
925 729 1111 778 Τελαμών
1144 728 1250 777 Quid
1269 728 1447 767 tandem
1469 725 1743 775 significasse

106 809 262 856 putant
287 807 368 855 illi,
389 807 461 854 qui
479 806 729 844 Telamonis
747 815 907 844 nomen
926 815 950 843 a
967 805 1111 843 balteo
1130 806 1275 842 Aiacis
1295 804 1514 851 derivant,
1533 801 1601 839 τὸν
1623 803 1740 839 Τελα-

105 881 255 931 μώνιον
286 881 471 920 Αἱάνιαῗ)
503 880 721 928 Numquid
746 880 857 917 Aiax
875 880 947 927 qui
965 878 1081 918 filius
1099 882 1166 918 est
1184 881 1297 928 eius,
1317 880 1385 918 cui
1406 878 1550 918 Aiacis
1569 876 1739 915 balteus

106 968 265 997 nomen
294 957 442 996 dedit?
466 957 531 994 An
553 956 666 993 Aiax
684 954 891 1002 peculiari
912 955 1053 993 balteo
1072 965 1150 993 suo
1168 955 1386 1002 insignis?
1406 953 1486 992 Sed
1504 952 1608 990 illud
1627 953 1738 1000 inep-

102 1035 198 1071 tum
221 1035 301 1081 est,
321 1033 402 1070 hoc
422 1031 595 1078 ψεῦδοςῑ
616 1040 718 1068 nam
740 1029 911 1068 balteus
929 1030 1076 1068 Aiacis
1094 1030 1207 1068 scuti
1225 1030 1286 1068 nil
1306 1030 1522 1078 peculiare
1540 1026 1742 1065 habebat.

164 1107 304 1156 Quare
345 1106 508 1147 obnixe
551 1115 650 1144 cum
690 1104 870 1143 Girardo
902 1115 1118 1152 negamus
1150 1105 1295 1143 herois
1328 1105 1513 1142 alicuius
1548 1102 1740 1141 balteum

104 1182 224 1221 nulla
271 1191 326 1221 ex
372 1183 496 1230 parte
543 1182 794 1219 memoratu
842 1180 1023 1228 dignum
1067 1180 1129 1218 ita
1171 1180 1452 1227 antiquorum
1505 1177 1744 1227 perculisse

105 1260 297 1306 mentes,
344 1260 393 1295 ut
434 1257 533 1294 inde
570 1265 735 1294 novum
769 1256 946 1294 heroem
980 1253 1195 1304 crearent,
1232 1255 1299 1293 vel
1333 1264 1496 1293 novum
1530 1252 1743 1301 fingerent

105 1333 343 1381 epitheton.
400 1331 551 1371 Nonne
609 1341 764 1370 omnes
820 1331 992 1379 heroes,
1041 1331 1114 1377 qui
1161 1332 1286 1368 scuto
1334 1330 1566 1377 Mycenaeo
1615 1332 1741 1367 erant

105 1408 265 1447 armati
297 1418 332 1447 e.
367 1419 407 1456 g.
441 1407 602 1446 Hector
633 1407 701 1452 (cf.
736 1417 890 1446 versus
922 1407 1181 1445 notissimos

284 1479 391 1521 foid'
430 1482 491 1521 ἐπὶ
526 1482 653 1532 δεξιὰ,
682 1479 791 1521 focd’
829 1479 884 1520 ἐπ’
923 1481 1106 1533 ἀριστερὰ
1138 1487 1324 1532 νωμῆσαι
1356 1482 1459 1532 βοῦν
1492 1482 1610 1528 etQ),

106 1559 187 1597 hoc
241 1559 370 1597 modo
418 1559 660 1597 Telamonii
707 1559 791 1597 dici
838 1559 1104 1606 potuerant?
1151 1558 1244 1596 Tali
1291 1558 1421 1596 modo
1468 1567 1573 1595 voce
1620 1555 1740 1593 Tela-

105 1635 240 1674 monii
279 1636 459 1682 accepta
485 1645 628 1673 nonne
657 1635 737 1673 hoc
764 1635 990 1682 epitheton
1017 1644 1155 1682 genus
1182 1634 1327 1682 potius
1351 1634 1577 1672 hominum
1609 1641 1740 1679 quam

104 1720 241 1749 unum
289 1713 460 1748 certum
506 1710 736 1748 hominem
778 1710 1088 1757 designasset?
1130 1710 1290 1757 Immo,
1335 1709 1371 1747 si
1414 1709 1529 1747 inter
1562 1709 1742 1746 cunctos

105 1786 260 1825 heroes
302 1785 422 1824 solus
455 1786 569 1824 Aiax
602 1785 747 1824 balteo
782 1786 834 1824 ad
867 1787 1042 1823 scutum
1077 1785 1315 1832 gerendum
1351 1785 1470 1823 esset
1501 1793 1609 1821 usus
1640 1792 1739 1821 cum

105 1861 240 1900 ceteri
271 1870 425 1899 omnes
458 1862 686 1899 uterentur
718 1858 894 1911 ὀχάνοις,
924 1863 1030 1899 tunc
1058 1861 1237 1899 demum
1264 1861 1378 1899 Aiax
1405 1870 1460 1898 ex
1488 1860 1570 1898 hoc
1598 1859 1739 1897 balteo

102 1946 263 1975 nomen
296 1937 489 1984 accipere
520 1936 742 1985 potuisset
772 1936 1005 1985 peculiare.
1040 1937 1121 1975 Sed
1154 1946 1225 1975 res
1257 1937 1384 1974 aliter
1416 1946 1462 1974 se
1496 1935 1641 1974 habet.

165 2011 272 2060 Quid
319 2012 520 2060 designat
569 2011 905 2061 Τελαμώνιος
956 2011 1088 2057 Ai‘ag‘?
1132 2012 1320 2050 Nomina
1361 2012 1403 2050 in
1449 2011 1596 2056 (ών)ιος
1629 2010 1735 2048 desi-

105 2087 257 2126 nentia
283 2088 353 2126 vel
380 2088 576 2126 indicant
601 2088 764 2137 locum,
794 2088 906 2126 unde
933 2089 1030 2135 quis
1056 2089 1276 2137 provenit,
1302 2097 1338 2126 e.
1357 2098 1396 2135 g.
1416 2089 1591 2138 Ἀγκαῖος
1610 2088 1738 2123 Πλευ-

106 2162 249 2213 ρώνιος
287 2165 330 2200 Ψ
359 2164 461 2212 635,
499 2163 568 2202 vel
600 2163 748 2212 deum,
784 2164 852 2201 cui
883 2164 1013 2202 homo
1046 2166 1113 2202 est
1145 2164 1389 2212 dedicatus,
1426 2174 1461 2201 e.
1480 2173 1519 2211 g.
1550 2162 1739 2200 Ἀπολλώ-

106 2253 210 2287 νιος,
253 2238 537 2287 Ποσειδώνιος,
583 2239 650 2277 vel
692 2239 880 2277 deducta
922 2249 947 2277 a
986 2239 1226 2288 participiis
1264 2249 1497 2288 personam
1535 2240 1739 2287 agentem

105 2314 355 2363 designant,
385 2325 420 2354 e.
449 2325 489 2362 g.
521 2314 773 2364 Τροφώνιος,
800 2315 997 2353 Feronia.
1026 2315 1086 2353 De
1114 2315 1367 2353 Telamonio
1397 2315 1528 2353 Aiace
1546 2315 1739 2353 secunda

104 2390 232 2428 modo
266 2389 383 2428 valet
414 2390 539 2428 ratio.
574 2389 799 2437 Significat
830 2390 1052 2438 epitheton
1082 2391 1262 2429 Aiacem
1290 2397 1340 2443 τῷ
1373 2393 1576 2440 Τελαμῶνι
1603 2390 1740 2429 fuisse

103 2465 374 2515 dedicatum,
409 2465 653 2514 addictum,
688 2466 1006 2504 oboedientem.

164 2539 332 2579 Collato
380 2541 558 2579 nomine
607 2541 835 2595 Μελανθίῳ
868 2543 894 2580 i.
928 2552 963 2580 e.
1007 2542 1081 2588 qui
1130 2542 1357 2580 dedicatus
1400 2544 1470 2580 est
1513 2541 1742 2579 Ποσειδῶνι

105 2615 316 2670 Μελάνθῳ
365 2616 516 2661 (schol.
565 2617 776 2664 Lycophr.
821 2617 946 2656 Alex.
981 2627 1044 2655 vs.
1082 2618 1162 2656 767
1208 2618 1432 2663 Μέλανθος
1475 2615 1494 2655 ὁ
1528 2617 1740 2655 Ποσειδῶν

102 2689 212 2741 παρὰ
253 2691 504 2740 Ἀθηναίοις;
548 2692 599 2730 Cf.
635 2692 937 2730 Bechtel-Fick
971 2692 1040 2731 Gr.
1076 2693 1257 2741 Eigenn.
1291 2704 1330 2743 p.
1365 2694 1471 2731 201:
1515 2691 1740 2738 Μέλανθος

104 2777 182 2806 aus
230 2769 456 2814 Μελάνθος
504 2768 789 2815 mythischen
838 2767 1100 2817 Ursprung),
1151 2769 1262 2815 quod
1306 2778 1466 2807 nomen
1508 2769 1551 2806 et
1583 2768 1739 2806 dicitur

103 2843 350 2889 Μελανθεύς
395 2843 430 2894 (ῤ
464 2844 562 2891 212,
597 2858 626 2891 φ
664 2845 775 2891 175),
822 2844 1068 2891 exspectari
1101 2845 1270 2891 poterat
1302 2844 1427 2882 iuxta
1462 2843 1736 2893 Τελαμώνιονε

105 2920 364 2968 Τελαμωνεύς
413 2920 480 2965 (Cf.
529 2919 736 2958 Feronia:
790 2918 1033 2967 Φορωνεύς).
1082 2919 1190 2958 Cum
1238 2920 1381 2958 forma
1433 2918 1740 2968 Τελαμωνιάδης

98 2995 346 3035 conferatur
377 2995 666 3046 Ταλαϊονίδης;
695 3006 797 3034 nam
830 2996 938 3034 haec
969 3005 1138 3042 quoque
1165 3006 1254 3035 vox
1280 2996 1463 3034 deducta
1490 3006 1515 3034 a
1536 2994 1735 3039 Ταλαϊών,
