2141 3487
814 323 867 350 DE
900 322 1043 350 ArAcE.
1690 313 1743 350 85

110 441 231 489 bant,
278 441 350 479 ubi
392 439 523 489 Γυραί
563 440 606 477 in
650 438 763 476 mari
806 437 1031 485 dispersae
1075 435 1332 474 certaminis
1371 435 1750 474 vehementissimi

111 515 368 555 videbantur
401 515 705 552 monumenta.

162 587 406 639 Ὑπέρθυμοι
441 591 652 628 vocantur
690 589 732 626 in
768 587 964 635 Odyssea
998 587 1208 634 Gigantes
1242 590 1280 635 (η
1315 587 1397 635 59),
1435 586 1507 634 qui
1539 587 1582 624 in
1617 585 1746 624 Theo-

107 665 235 713 gonia
270 674 332 703 vs.
371 664 452 702 186
485 664 547 702 ita
580 662 908 702 describuntur:

344 739 492 789 τεύχεσι
527 737 798 788 λαμπόμενοι,
830 733 946 787 δολίχ’
986 735 1097 788 ἔγχεα
1132 734 1264 787 χερσὶν
1297 735 1460 786 ἔχοντες.

170 814 247 854 Cui
296 825 381 854 non
430 816 531 853 ante
579 813 731 853 oculos
773 813 916 861 surgit
957 813 1104 860 imago
1146 812 1310 861 herois,
1357 815 1492 861 (nam,
1531 813 1579 850 ut
1614 821 1747 859 supra

110 891 416 939 exposuimus,
468 893 648 938 uterque
697 890 811 928 Aiax
860 889 1194 937 antiquissimae
1241 890 1441 927 staturae
1493 890 1536 927 et
1583 887 1747 936 figurae

106 968 255 1004 servat
290 967 490 1014 vestigia)
525 967 596 1013 qui
633 967 665 1004 O
700 966 784 1005 676
818 975 935 1013 sqq.:

346 1047 454 1091 νηῶν
486 1037 573 1092 ἴκρι’
611 1039 779 1094 ἐπῴχετο
813 1039 947 1091 μακρὰ
981 1040 1210 1091 βιβάσθων,

342 1113 492 1166 ’νώμαε
526 1114 568 1155 δὲ
601 1115 746 1163 ξυστὸν
779 1114 877 1168 μέγα
913 1116 1122 1166 ναύμαχον
1157 1114 1197 1153 ἐν
1232 1115 1456 1169 παλάμῃσι,

344 1192 536 1243 κολλητὸν
569 1192 793 1243 βλήτροισι,
825 1191 1261 1242 δυωκαιὶεικοσίπηχυ.

339 1264 496 1318 ’φοίταε
529 1266 661 1319 μακρὰ
694 1266 832 1318 βιβὰς,
864 1266 981 1317 φωνὴ
1016 1265 1059 1305 δέ
1091 1268 1162 1305 fot
1194 1263 1322 1317 αἰθέρ’
1359 1266 1470 1305 ἵκανε

346 1342 424 1382 αἰεὶ
455 1341 498 1382 δὲ
530 1342 731 1394 σμερδνὸν
764 1343 912 1394 βοάων.

172 1419 381 1468 Gigantes
413 1419 593 1468 pedibus
628 1430 712 1459 non
743 1421 947 1466 utuntur3
979 1419 1139 1457 desinit
1168 1428 1324 1467 corpus
1352 1419 1395 1456 in
1423 1428 1628 1466 anguem.
1649 1418 1754 1456 Aias

110 1495 181 1534 ille
215 1496 268 1534 ad
300 1496 466 1535 fontem
497 1498 641 1544 natus,
677 1496 799 1534 cuius
834 1505 944 1533 avus
977 1494 1069 1542 ipse
1099 1493 1238 1532 Orcus
1267 1496 1379 1542 erat,
1415 1494 1457 1532 in
1492 1495 1619 1532 scuto
1639 1503 1755 1540 gere-

113 1572 186 1610 bat
227 1573 384 1620 anguis
423 1572 681 1621 imaginem,
735 1572 949 1619 quinimo,
995 1571 1108 1618 quod
1157 1571 1370 1609 maiorem
1422 1570 1555 1608 etiam
1605 1570 1756 1607 movet

109 1648 408 1697 mirationem,
444 1648 710 1696 sequebatur
738 1658 838 1687 eum
866 1647 1042 1686 Troiam
1069 1645 1419 1694 proficiscentem
1448 1645 1602 1692 anguis
1636 1644 1753 1691 quin·

112 1733 194 1771 que
229 1723 431 1762 ulnarum
467 1724 605 1762 veluti
639 1724 760 1763 canis
795 1725 913 1762 esset
947 1722 1169 1767 (Philostr.
1204 1721 1306 1760 Her.
1343 1721 1457 1764 706).

172 1799 322 1838 Nonne
356 1800 468 1837 Aiax
501 1800 684 1838 fulmine
718 1800 924 1838 incensus
953 1798 1208 1846 Typhoeum
1239 1798 1282 1835 in
1318 1798 1511 1835 mentem
1547 1797 1755 1834 revocat?

113 1875 261 1922 Neque
288 1885 367 1914 nos
395 1875 507 1923 fugit
534 1878 723 1914 matrem
754 1876 848 1914 eius
877 1874 1087 1923 appellari
1115 1873 1372 1912 Periboeam
1403 1871 1686 1920 (Paus.1,42,
1710 1872 1753 1918 2;

115 1950 345 1998 [Apollod.]
374 1951 615 2000 111,12‚6),
651 1947 906 1990 Periboeam
940 1954 1090 1988 autern
1124 1950 1167 1987 in
1201 1948 1397 1996 Odyssea
1431 1947 1578 1986 vocari
1616 1945 1751 1984 filiam

115 2026 347 2065 minimam
381 2029 488 2065 natu

769 2101 1034 2153 μεγαλήτορος
1071 2099 1383 2150 Εὐρυμέδοντος

354 2177 396 2224 ὅς
427 2175 519 2216 ποθ’
555 2176 827 2228 ὑπερθύμοισι
861 2176 1119 2228 Γιγάντεσσιν
1152 2176 1337 2226 βασίλευε
1386 2178 1424 2225 (η
1459 2176 1542 2218 57).

177 2256 207 2294 A
256 2255 398 2292 matre
441 2255 556 2292 certe
594 2253 855 2301 Gigantibus
898 2252 1038 2291 affinis
1083 2254 1177 2291 erat
1220 2252 1348 2290 heros
1385 2252 1549 2290 noster.
1583 2250 1756 2288 Merone

117 2331 223 2369 haec
269 2330 417 2368 omnia
459 2329 670 2368 debentur
713 2329 852 2380 casui,
896 2339 950 2367 an
985 2328 1180 2366 indicant
1210 2327 1282 2366 ubi
1319 2327 1467 2365 Aiacis
1502 2336 1605 2364 vera
1637 2325 1756 2373 origo

119 2405 364 2453 quaerenda
405 2405 495 2443 sit?
544 2404 625 2443 Sed
668 2404 754 2443 alia
798 2405 930 2442 etiam
976 2406 1156 2442 exstant
1188 2403 1335 2442 herois
1368 2405 1550 2442 naturae
1584 2401 1756 2440 indicia.

120 2481 381 2520 Observavit
430 2481 609 2519 Servius
652 2481 705 2518 ad
739 2480 846 2518 Aen.
883 2480 901 2517 I
934 2481 1016 2518 41:
1066 2489 1197 2531 „sane
1240 2480 1309 2517 hic
1353 2478 1466 2517 Aiax
1501 2478 1609 2517 Oilei
1642 2476 1759 2515 filius

119 2567 144 2594 a
177 2556 329 2595 multis
370 2556 591 2594 historicis
624 2556 792 2603 graecis
824 2556 1005 2594 tertiam
1049 2564 1234 2593 manum
1269 2554 1428 2593 dicitur
1461 2556 1559 2602 post
1586 2555 1760 2600 tergum

119 2631 345 2677 habuisse,
395 2632 507 2678 quod
551 2631 647 2670 ideo
680 2631 839 2669 dicitur
873 2630 1058 2679 factum,
1094 2631 1197 2678 quia
1229 2631 1292 2669 sic
1324 2629 1524 2669 celeriter
1557 2628 1761 2667 utebatur

119 2708 163 2744 in
195 2707 357 2755 proelio
393 2708 617 2755 manibus,
654 2709 701 2745 ut
736 2707 914 2745 tertiam
949 2706 1108 2745 habere
1142 2707 1418 2754 putaretur.’'

182 2782 286 2821 Tres
329 2783 458 2821 hasce
503 2792 660 2820 manus
702 2783 754 2821 ad
789 2784 1040 2820 monstrum
1074 2782 1291 2829 quoddam
1326 2782 1539 2829 tricorpor
1566 2781 1763 2827 spectare

121 2858 305 2897 coniecit
338 2858 519 2897 Usener.
565 2859 729 2897 Similis
772 2858 906 2905 igitur
939 2858 1054 2896 Aiax
1087 2860 1154 2896 est
1188 2857 1378 2905 Geryoni
1413 2857 1480 2895 vel
1514 2856 1612 2893 aliis
1645 2864 1763 2892 mon-

122 2934 248 2983 stris,
298 2944 407 2981 quae
456 2914 624 2982 antiqui
668 2934 866 2982 pluribus
909 2934 1114 2972 manibus
1147 2934 1367 2971 instructa.
1400 2932 1479 2970 sibi
1523 2929 1762 2976 finxerunt,

120 3011 225 3056 puta
256 3009 643 3048 Hecatoncheires.
681 3010 748 3048 Sic
777 3012 924 3048 mente
952 3010 1216 3047 revertimur
1245 3009 1295 3047 ad
1325 3008 1547 3056 Triopem,
1571 3004 1760 3052 Oxylum
