<?xml version="1.0" encoding="UTF-8"?>
<!DOCTYPE html PUBLIC "-//W3C//DTD XHTML 1.0 Transitional//EN"
    "http://www.w3.org/TR/xhtml1/DTD/xhtml1-transitional.dtd">
<html xmlns="http://www.w3.org/1999/xhtml" xml:lang="en" lang="en">
 <head>
  <title>
</title>
<meta http-equiv="Content-Type" content="text/html;charset=utf-8" />
  <meta name='ocr-system' content='tesseract 3.04.00' />
  <meta name='ocr-capabilities' content='ocr_page ocr_carea ocr_par ocr_line ocrx_word'/>
</head>
<body>
  <div class='ocr_page' id='page_1' title='image "./deaiacisoriginec00vr_0055.png"; bbox 0 0 2141 3487; ppageno 0'>
   <div class='ocr_carea' id='block_1_1' title="bbox 850 301 1776 340">
    <p class='ocr_par' dir='ltr' id='par_1_1' title="bbox 850 301 1776 340">
     <span class='ocr_line' id='line_1_1' title="bbox 850 301 1776 340; baseline -0.003 0"><span class='ocrx_word' id='word_1_1' title='bbox 850 314 903 340; x_wconf 73' lang='lat' dir='ltr'>DE</span> <span class='ocrx_word' id='word_1_2' title='bbox 936 313 1078 340; x_wconf 63' lang='lat' dir='ltr'>Amori.</span> <span class='ocrx_word' id='word_1_3' title='bbox 1722 301 1776 337; x_wconf 64' lang='lat' dir='ltr'>‘if-2¹</span> 
     </span>
    </p>
   </div>
   <div class='ocr_carea' id='block_1_2' title="bbox 142 425 1794 3057">
    <p class='ocr_par' dir='ltr' id='par_1_2' title="bbox 387 425 1569 484">
     <span class='ocr_line' id='line_1_2' title="bbox 387 425 1569 484; baseline -0.005 -14"><span class='ocrx_word' id='word_1_4' title='bbox 387 430 450 471; x_wconf 86' lang='grc' dir='ltr'>σοὶ</span> <span class='ocrx_word' id='word_1_5' title='bbox 484 428 519 470; x_wconf 82' lang='grc' dir='ltr'>δ’</span> <span class='ocrx_word' id='word_1_6' title='bbox 557 429 663 484; x_wconf 77' lang='grc' dir='ltr'><em>αὐτῷ</em></span> <span class='ocrx_word' id='word_1_7' title='bbox 697 428 800 481; x_wconf 84' lang='grc' dir='ltr'><em>φημὶ</em></span> <span class='ocrx_word' id='word_1_8' title='bbox 834 428 976 481; x_wconf 74' lang='grc' dir='ltr'><em>σχεδὸν</em></span> <span class='ocrx_word' id='word_1_9' title='bbox 1008 428 1194 479; x_wconf 76' lang='grc' dir='ltr'><em>ἔμμεναι,</em></span> <span class='ocrx_word' id='word_1_10' title='bbox 1226 425 1373 466; x_wconf 79' lang='grc' dir='ltr'><strong>ὁππότε</strong></span> <span class='ocrx_word' id='word_1_11' title='bbox 1407 426 1569 478; x_wconf 81' lang='grc' dir='ltr'><em>φεύγων</em></span> 
     </span>
    </p>

    <p class='ocr_par' dir='ltr' id='par_1_3' title="bbox 388 501 1325 560">
     <span class='ocr_line' id='line_1_3' title="bbox 388 501 1325 560; baseline -0.004 -15"><span class='ocrx_word' id='word_1_12' title='bbox 388 505 517 560; x_wconf 81' lang='grc' dir='ltr'><em>ἀρήσῃ</em></span> <span class='ocrx_word' id='word_1_13' title='bbox 549 505 615 545; x_wconf 84' lang='grc' dir='ltr'>Διὶ</span> <span class='ocrx_word' id='word_1_14' title='bbox 646 504 765 558; x_wconf 85' lang='grc' dir='ltr'><em>πατρὶ</em></span> <span class='ocrx_word' id='word_1_15' title='bbox 796 504 860 544; x_wconf 81' lang='grc' dir='ltr'>καὶ</span> <span class='ocrx_word' id='word_1_16' title='bbox 895 501 1046 544; x_wconf 75' lang='grc' dir='ltr'><em>ἅλλοισ’</em></span> <span class='ocrx_word' id='word_1_17' title='bbox 1084 503 1325 542; x_wconf 83' lang='grc' dir='ltr'><em>ἀθανάτοισι</em></span> 
     </span>
    </p>

    <p class='ocr_par' dir='ltr' id='par_1_4' title="bbox 382 579 1424 635">
     <span class='ocr_line' id='line_1_4' title="bbox 382 579 1424 635; baseline -0.005 -13"><span class='ocrx_word' id='word_1_18' title='bbox 382 583 592 629; x_wconf 80' lang='grc' dir='ltr'><em>θάσσονας</em></span> <span class='ocrx_word' id='word_1_19' title='bbox 625 582 776 635; x_wconf 74' lang='grc' dir='ltr'><em>ἰρήκων</em></span> <span class='ocrx_word' id='word_1_20' title='bbox 810 581 945 633; x_wconf 75' lang='grc' dir='ltr'><em>ἔμεναι</em></span> <span class='ocrx_word' id='word_1_21' title='bbox 977 581 1225 633; x_wconf 79' lang='grc' dir='ltr'><em>καλλίτριχας</em></span> <span class='ocrx_word' id='word_1_22' title='bbox 1258 579 1424 629; x_wconf 75' lang='grc' dir='ltr'><em>ἵππους,</em></span> 
     </span>
    </p>

    <p class='ocr_par' dir='ltr' id='par_1_5' title="bbox 149 655 1782 937">
     <span class='ocr_line' id='line_1_5' title="bbox 386 655 1314 704; baseline -0.004 -6"><span class='ocrx_word' id='word_1_23' title='bbox 386 658 431 697; x_wconf 80' lang='grc' dir='ltr'>οῖ’</span> <span class='ocrx_word' id='word_1_24' title='bbox 455 670 496 698; x_wconf 91' lang='grc' dir='ltr'>σε</span> <span class='ocrx_word' id='word_1_25' title='bbox 528 655 685 698; x_wconf 81' lang='grc' dir='ltr'><em>πόλινδ’</em></span> <span class='ocrx_word' id='word_1_26' title='bbox 725 658 881 698; x_wconf 86' lang='grc' dir='ltr'><em>οἴσουσι</em></span> <span class='ocrx_word' id='word_1_27' title='bbox 913 657 1115 704; x_wconf 82' lang='grc' dir='ltr'><em>κονίοντες</em></span> <span class='ocrx_word' id='word_1_28' title='bbox 1148 656 1314 695; x_wconf 81' lang='grc' dir='ltr'><em>πεδίοιο.</em></span> 
     </span>
     <span class='ocr_line' id='line_1_6' title="bbox 149 730 1782 775; baseline -0.004 -2"><span class='ocrx_word' id='word_1_29' title='bbox 149 735 232 774; x_wconf 85' lang='lat' dir='ltr'>Ubi</span> <span class='ocrx_word' id='word_1_30' title='bbox 281 745 382 775; x_wconf 89' lang='lat' dir='ltr'>vero</span> <span class='ocrx_word' id='word_1_31' title='bbox 431 736 577 775; x_wconf 83' lang='lat' dir='ltr'><strong>Aiacis</strong></span> <span class='ocrx_word' id='word_1_32' title='bbox 620 736 801 775; x_wconf 89' lang='lat' dir='ltr'>maioris</span> <span class='ocrx_word' id='word_1_33' title='bbox 843 735 887 774; x_wconf 90' lang='lat' dir='ltr'>in</span> <span class='ocrx_word' id='word_1_34' title='bbox 927 735 1063 773; x_wconf 84' lang='lat' dir='ltr'>Iliade</span> <span class='ocrx_word' id='word_1_35' title='bbox 1097 734 1277 773; x_wconf 91' lang='lat' dir='ltr'>exstant</span> <span class='ocrx_word' id='word_1_36' title='bbox 1308 732 1455 771; x_wconf 86' lang='lat' dir='ltr'>facta?</span> <span class='ocrx_word' id='word_1_37' title='bbox 1488 730 1782 770; x_wconf 88' lang='lat' dir='ltr'>Inveniuntur</span> 
     </span>
     <span class='ocr_line' id='line_1_7' title="bbox 150 804 1780 864; baseline -0.004 -15"><span class='ocrx_word' id='word_1_38' title='bbox 150 813 193 849; x_wconf 89' lang='lat' dir='ltr'><em>H</em></span> <span class='ocrx_word' id='word_1_39' title='bbox 226 812 421 860; x_wconf 79' lang='lat'>1—312;</span> <span class='ocrx_word' id='word_1_40' title='bbox 470 813 510 849; x_wconf 83' lang='lat' dir='ltr'>N</span> <span class='ocrx_word' id='word_1_41' title='bbox 552 812 651 850; x_wconf 89' lang='lat' dir='ltr'>inde</span> <span class='ocrx_word' id='word_1_42' title='bbox 690 822 715 850; x_wconf 93' lang='lat' dir='ltr'>a</span> <span class='ocrx_word' id='word_1_43' title='bbox 758 822 822 850; x_wconf 82' lang='lat' dir='ltr'>vs.</span> <span class='ocrx_word' id='word_1_44' title='bbox 857 811 966 864; x_wconf 82' lang='lat'>8093</span> <span class='ocrx_word' id='word_1_45' title='bbox 1017 808 1053 851; x_wconf 89' lang='grc' dir='ltr'><em>Ξ</em></span> <span class='ocrx_word' id='word_1_46' title='bbox 1079 808 1401 855; x_wconf 78' lang='lat' dir='ltr'>402—finem;</span> <span class='ocrx_word' id='word_1_47' title='bbox 1454 807 1487 845; x_wconf 94' lang='grc' dir='ltr'>Ο</span> <span class='ocrx_word' id='word_1_48' title='bbox 1519 807 1664 845; x_wconf 81' lang='lat'>415—-</span> <span class='ocrx_word' id='word_1_49' title='bbox 1684 804 1780 851; x_wconf 90' lang='lat' dir='ltr'>fin.;</span> 
     </span>
     <span class='ocr_line' id='line_1_8' title="bbox 151 884 1382 937; baseline -0.003 -12"><span class='ocrx_word' id='word_1_50' title='bbox 151 889 183 924; x_wconf 93' lang='lat' dir='ltr'>P</span> <span class='ocrx_word' id='word_1_51' title='bbox 213 888 470 936; x_wconf 86' lang='lat'>104—140;</span> <span class='ocrx_word' id='word_1_52' title='bbox 504 888 672 937; x_wconf 91' lang='lat' dir='ltr'>passim</span> <span class='ocrx_word' id='word_1_53' title='bbox 706 887 749 925; x_wconf 89' lang='lat' dir='ltr'>in</span> <span class='ocrx_word' id='word_1_54' title='bbox 783 887 942 926; x_wconf 91' lang='lat' dir='ltr'>ceteris</span> <span class='ocrx_word' id='word_1_55' title='bbox 975 885 1177 924; x_wconf 89' lang='lat' dir='ltr'>versibus</span> <span class='ocrx_word' id='word_1_56' title='bbox 1209 884 1308 923; x_wconf 83' lang='lat' dir='ltr'>libri</span> <span class='ocrx_word' id='word_1_57' title='bbox 1342 885 1382 922; x_wconf 92' lang='lat' dir='ltr'>P.</span> 
     </span>
    </p>

    <p class='ocr_par' dir='ltr' id='par_1_6' title="bbox 145 957 1786 1240">
     <span class='ocr_line' id='line_1_9' title="bbox 207 957 1785 1016; baseline -0.006 -13"><span class='ocrx_word' id='word_1_58' title='bbox 207 965 313 1004; x_wconf 92' lang='lat' dir='ltr'>Post</span> <span class='ocrx_word' id='word_1_59' title='bbox 356 962 552 1016; x_wconf 78' lang='grc' dir='ltr'><em>Ἀχιλλέως</em></span> <span class='ocrx_word' id='word_1_60' title='bbox 594 962 814 1002; x_wconf 76' lang='grc' dir='ltr'><em>ἀνάστασιν</em></span> <span class='ocrx_word' id='word_1_61' title='bbox 846 963 994 1002; x_wconf 91' lang='lat' dir='ltr'>subito</span> <span class='ocrx_word' id='word_1_62' title='bbox 1026 964 1121 1002; x_wconf 91' lang='lat' dir='ltr'>tam</span> <span class='ocrx_word' id='word_1_63' title='bbox 1156 962 1298 1001; x_wconf 90' lang='lat' dir='ltr'>altum</span> <span class='ocrx_word' id='word_1_64' title='bbox 1332 960 1384 999; x_wconf 93' lang='lat' dir='ltr'>de</span> <span class='ocrx_word' id='word_1_65' title='bbox 1416 959 1548 997; x_wconf 84' lang='lat' dir='ltr'>Aiace</span> <span class='ocrx_word' id='word_1_66' title='bbox 1581 957 1785 996; x_wconf 87' lang='lat' dir='ltr'>servatur</span> 
     </span>
     <span class='ocr_line' id='line_1_10' title="bbox 146 1034 1783 1090; baseline -0.005 -11"><span class='ocrx_word' id='word_1_67' title='bbox 146 1040 374 1080; x_wconf 89' lang='lat' dir='ltr'>silentium</span> <span class='ocrx_word' id='word_1_68' title='bbox 405 1062 461 1067; x_wconf 91' lang='lat'><strong>—</strong></span> <span class='ocrx_word' id='word_1_69' title='bbox 494 1041 645 1090; x_wconf 84' lang='lat' dir='ltr'>paucis</span> <span class='ocrx_word' id='word_1_70' title='bbox 677 1040 881 1079; x_wconf 90' lang='lat' dir='ltr'>versibus</span> <span class='ocrx_word' id='word_1_71' title='bbox 915 1040 957 1078; x_wconf 90' lang='lat' dir='ltr'>in</span> <span class='ocrx_word' id='word_1_72' title='bbox 997 1041 1040 1076; x_wconf 77' lang='grc' dir='ltr'><em>Ψ</em></span> <span class='ocrx_word' id='word_1_73' title='bbox 1069 1038 1270 1087; x_wconf 89' lang='lat' dir='ltr'>exceptis</span> <span class='ocrx_word' id='word_1_74' title='bbox 1304 1060 1377 1087; x_wconf 89' lang='lat'>-—,</span> <span class='ocrx_word' id='word_1_75' title='bbox 1412 1037 1461 1074; x_wconf 94' lang='lat' dir='ltr'>ut</span> <span class='ocrx_word' id='word_1_76' title='bbox 1494 1035 1531 1073; x_wconf 94' lang='lat' dir='ltr'>si</span> <span class='ocrx_word' id='word_1_77' title='bbox 1552 1034 1664 1073; x_wconf 82' lang='lat' dir='ltr'>forte</span> <span class='ocrx_word' id='word_1_78' title='bbox 1691 1043 1783 1081; x_wconf 92' lang='lat' dir='ltr'>sep-</span> 
     </span>
     <span class='ocr_line' id='line_1_11' title="bbox 145 1108 1786 1164; baseline -0.005 -9"><span class='ocrx_word' id='word_1_79' title='bbox 145 1115 381 1155; x_wconf 87' lang='lat' dir='ltr'>temdecim</span> <span class='ocrx_word' id='word_1_80' title='bbox 422 1115 519 1155; x_wconf 88' lang='lat' dir='ltr'>libri</span> <span class='ocrx_word' id='word_1_81' title='bbox 561 1116 875 1164; x_wconf 79' lang='lat' dir='ltr'>praecedentes</span> <span class='ocrx_word' id='word_1_82' title='bbox 918 1115 1208 1164; x_wconf 80' lang='lat' dir='ltr'>interiissent,</span> <span class='ocrx_word' id='word_1_83' title='bbox 1255 1125 1277 1153; x_wconf 90' lang='lat' dir='ltr'>e</span> <span class='ocrx_word' id='word_1_84' title='bbox 1319 1112 1478 1152; x_wconf 85' lang='lat' dir='ltr'>ceteris</span> <span class='ocrx_word' id='word_1_85' title='bbox 1510 1111 1678 1160; x_wconf 89' lang='lat' dir='ltr'>septem</span> <span class='ocrx_word' id='word_1_86' title='bbox 1710 1108 1786 1146; x_wconf 91' lang='lat' dir='ltr'>vix</span> 
     </span>
     <span class='ocr_line' id='line_1_12' title="bbox 145 1191 1315 1240; baseline -0.003 -9"><span class='ocrx_word' id='word_1_87' title='bbox 145 1192 342 1232; x_wconf 86' lang='lat' dir='ltr'>efficeres</span> <span class='ocrx_word' id='word_1_88' title='bbox 374 1202 568 1240; x_wconf 91' lang='lat' dir='ltr'>unquam</span> <span class='ocrx_word' id='word_1_89' title='bbox 601 1192 782 1232; x_wconf 88' lang='lat' dir='ltr'>Aiacem</span> <span class='ocrx_word' id='word_1_90' title='bbox 814 1192 1036 1240; x_wconf 88' lang='lat' dir='ltr'>quendam</span> <span class='ocrx_word' id='word_1_91' title='bbox 1072 1191 1315 1231; x_wconf 82' lang='lat' dir='ltr'>exstitisse.</span> 
     </span>
    </p>

    <p class='ocr_par' dir='ltr' id='par_1_7' title="bbox 144 1261 1794 1928">
     <span class='ocr_line' id='line_1_13' title="bbox 207 1261 1794 1318; baseline -0.006 -10"><span class='ocrx_word' id='word_1_92' title='bbox 207 1269 354 1317; x_wconf 86' lang='lat' dir='ltr'>Neque</span> <span class='ocrx_word' id='word_1_93' title='bbox 388 1268 471 1307; x_wconf 89' lang='lat' dir='ltr'>dici</span> <span class='ocrx_word' id='word_1_94' title='bbox 502 1269 649 1318; x_wconf 89' lang='lat' dir='ltr'>potest</span> <span class='ocrx_word' id='word_1_95' title='bbox 680 1268 725 1306; x_wconf 92' lang='lat' dir='ltr'>in</span> <span class='ocrx_word' id='word_1_96' title='bbox 758 1267 929 1306; x_wconf 89' lang='lat' dir='ltr'>ultimis</span> <span class='ocrx_word' id='word_1_97' title='bbox 962 1268 1132 1316; x_wconf 87' lang='lat' dir='ltr'>septem</span> <span class='ocrx_word' id='word_1_98' title='bbox 1165 1266 1290 1305; x_wconf 89' lang='lat' dir='ltr'>libris</span> <span class='ocrx_word' id='word_1_99' title='bbox 1322 1266 1504 1305; x_wconf 86' lang='lat' dir='ltr'>Aiacem</span> <span class='ocrx_word' id='word_1_100' title='bbox 1537 1264 1581 1302; x_wconf 93' lang='lat' dir='ltr'>in</span> <span class='ocrx_word' id='word_1_101' title='bbox 1608 1261 1794 1301; x_wconf 90' lang='lat' dir='ltr'>Achillis</span> 
     </span>
     <span class='ocr_line' id='line_1_14' title="bbox 145 1337 1784 1394; baseline -0.005 -10"><span class='ocrx_word' id='word_1_102' title='bbox 145 1345 331 1385; x_wconf 89' lang='lat' dir='ltr'>latuisse</span> <span class='ocrx_word' id='word_1_103' title='bbox 358 1347 533 1394; x_wconf 88' lang='lat' dir='ltr'>umbra,</span> <span class='ocrx_word' id='word_1_104' title='bbox 568 1344 775 1392; x_wconf 86' lang='lat' dir='ltr'>quoniam</span> <span class='ocrx_word' id='word_1_105' title='bbox 804 1354 957 1383; x_wconf 87' lang='lat' dir='ltr'>revera</span> <span class='ocrx_word' id='word_1_106' title='bbox 984 1343 1133 1382; x_wconf 89' lang='lat' dir='ltr'>nullus</span> <span class='ocrx_word' id='word_1_107' title='bbox 1158 1343 1201 1382; x_wconf 93' lang='lat' dir='ltr'>in</span> <span class='ocrx_word' id='word_1_108' title='bbox 1229 1342 1283 1380; x_wconf 91' lang='lat' dir='ltr'>iis</span> <span class='ocrx_word' id='word_1_109' title='bbox 1310 1342 1425 1380; x_wconf 87' lang='lat' dir='ltr'>Aiax</span> <span class='ocrx_word' id='word_1_110' title='bbox 1457 1340 1623 1379; x_wconf 82' lang='lat' dir='ltr'>existit.</span> <span class='ocrx_word' id='word_1_111' title='bbox 1652 1337 1784 1377; x_wconf 88' lang='lat' dir='ltr'>Cuius</span> 
     </span>
     <span class='ocr_line' id='line_1_15' title="bbox 147 1415 1785 1468; baseline -0.005 -8"><span class='ocrx_word' id='word_1_112' title='bbox 147 1421 312 1461; x_wconf 89' lang='lat' dir='ltr'>silentii</span> <span class='ocrx_word' id='word_1_113' title='bbox 358 1422 544 1460; x_wconf 90' lang='lat' dir='ltr'>minime</span> <span class='ocrx_word' id='word_1_114' title='bbox 592 1422 718 1460; x_wconf 88' lang='lat' dir='ltr'>deest</span> <span class='ocrx_word' id='word_1_115' title='bbox 764 1431 910 1460; x_wconf 85' lang='lat' dir='ltr'>causa.</span> <span class='ocrx_word' id='word_1_116' title='bbox 958 1421 1072 1459; x_wconf 86' lang='lat' dir='ltr'>Aiax</span> <span class='ocrx_word' id='word_1_117' title='bbox 1116 1420 1233 1459; x_wconf 89' lang='lat' dir='ltr'>enim</span> <span class='ocrx_word' id='word_1_118' title='bbox 1275 1417 1466 1468; x_wconf 82' lang='grc' dir='ltr'><em>πελώριος</em></span> <span class='ocrx_word' id='word_1_119' title='bbox 1507 1415 1673 1464; x_wconf 87' lang='lat' dir='ltr'>ingenti</span> <span class='ocrx_word' id='word_1_120' title='bbox 1704 1424 1785 1453; x_wconf 90' lang='lat' dir='ltr'>sua</span> 
     </span>
     <span class='ocr_line' id='line_1_16' title="bbox 148 1491 1785 1548; baseline -0.006 -10"><span class='ocrx_word' id='word_1_121' title='bbox 148 1500 338 1548; x_wconf 89' lang='lat' dir='ltr'>statura,</span> <span class='ocrx_word' id='word_1_122' title='bbox 374 1497 511 1547; x_wconf 89' lang='lat' dir='ltr'>clipeo</span> <span class='ocrx_word' id='word_1_123' title='bbox 544 1507 623 1536; x_wconf 93' lang='lat' dir='ltr'>suo</span> <span class='ocrx_word' id='word_1_124' title='bbox 655 1497 885 1546; x_wconf 87' lang='lat' dir='ltr'>praegravi</span> <span class='ocrx_word' id='word_1_125' title='bbox 928 1497 982 1536; x_wconf 93' lang='lat' dir='ltr'>ad</span> <span class='ocrx_word' id='word_1_126' title='bbox 1015 1497 1188 1536; x_wconf 89' lang='lat' dir='ltr'>hostem</span> <span class='ocrx_word' id='word_1_127' title='bbox 1221 1493 1569 1544; x_wconf 87' lang='lat' dir='ltr'>persequendum</span> <span class='ocrx_word' id='word_1_128' title='bbox 1601 1491 1785 1530; x_wconf 88' lang='lat' dir='ltr'>minime</span> 
     </span>
     <span class='ocr_line' id='line_1_17' title="bbox 149 1564 1786 1624; baseline -0.005 -11"><span class='ocrx_word' id='word_1_129' title='bbox 149 1577 279 1624; x_wconf 88' lang='lat' dir='ltr'>aptus</span> <span class='ocrx_word' id='word_1_130' title='bbox 321 1576 410 1613; x_wconf 85' lang='lat' dir='ltr'>est:</span> <span class='ocrx_word' id='word_1_131' title='bbox 455 1573 656 1612; x_wconf 88' lang='lat' dir='ltr'>defensor</span> <span class='ocrx_word' id='word_1_132' title='bbox 699 1574 767 1612; x_wconf 89' lang='lat' dir='ltr'>est</span> <span class='ocrx_word' id='word_1_133' title='bbox 807 1573 1009 1622; x_wconf 89' lang='lat' dir='ltr'>navium,</span> <span class='ocrx_word' id='word_1_134' title='bbox 1054 1574 1204 1611; x_wconf 88' lang='lat' dir='ltr'>tuetur</span> <span class='ocrx_word' id='word_1_135' title='bbox 1234 1572 1452 1617; x_wconf 88' lang='lat' dir='ltr'>iacentes;</span> <span class='ocrx_word' id='word_1_136' title='bbox 1486 1577 1641 1607; x_wconf 90' lang='lat' dir='ltr'>verum</span> <span class='ocrx_word' id='word_1_137' title='bbox 1674 1564 1786 1618; x_wconf 73' lang='grc' dir='ltr'><em>ἕρκος</em></span> 
     </span>
     <span class='ocr_line' id='line_1_18' title="bbox 150 1643 1785 1702; baseline -0.004 -14"><span class='ocrx_word' id='word_1_138' title='bbox 150 1653 312 1702; x_wconf 77' lang='grc' dir='ltr'><em>Ἀχαιῶν</em></span> <span class='ocrx_word' id='word_1_139' title='bbox 345 1651 440 1688; x_wconf 87' lang='lat' dir='ltr'>turn</span> <span class='ocrx_word' id='word_1_140' title='bbox 474 1650 654 1688; x_wconf 90' lang='lat' dir='ltr'>demum</span> <span class='ocrx_word' id='word_1_141' title='bbox 682 1659 787 1688; x_wconf 87' lang='lat' dir='ltr'>suas</span> <span class='ocrx_word' id='word_1_142' title='bbox 814 1649 906 1698; x_wconf 87' lang='lat' dir='ltr'>agit</span> <span class='ocrx_word' id='word_1_143' title='bbox 930 1651 1094 1698; x_wconf 85' lang='lat' dir='ltr'>partes,</span> <span class='ocrx_word' id='word_1_144' title='bbox 1125 1658 1223 1687; x_wconf 91' lang='lat' dir='ltr'>cum</span> <span class='ocrx_word' id='word_1_145' title='bbox 1248 1645 1421 1686; x_wconf 91' lang='lat' dir='ltr'>Troiani</span> <span class='ocrx_word' id='word_1_146' title='bbox 1449 1646 1594 1684; x_wconf 84' lang='lat' dir='ltr'>castra</span> <span class='ocrx_word' id='word_1_147' title='bbox 1621 1643 1785 1682; x_wconf 84' lang='lat' dir='ltr'>Graeca</span> 
     </span>
     <span class='ocr_line' id='line_1_19' title="bbox 148 1718 1785 1775; baseline -0.005 -10"><span class='ocrx_word' id='word_1_148' title='bbox 148 1726 470 1775; x_wconf 88' lang='lat' dir='ltr'>aggrediuntur.</span> <span class='ocrx_word' id='word_1_149' title='bbox 505 1726 563 1765; x_wconf 94' lang='lat' dir='ltr'>At</span> <span class='ocrx_word' id='word_1_150' title='bbox 595 1725 783 1764; x_wconf 90' lang='lat' dir='ltr'>simulac</span> <span class='ocrx_word' id='word_1_151' title='bbox 815 1725 980 1774; x_wconf 84' lang='lat' dir='ltr'>repulsi</span> <span class='ocrx_word' id='word_1_152' title='bbox 1011 1725 1114 1773; x_wconf 85' lang='lat' dir='ltr'>fuga</span> <span class='ocrx_word' id='word_1_153' title='bbox 1146 1724 1336 1763; x_wconf 90' lang='lat' dir='ltr'>salutem</span> <span class='ocrx_word' id='word_1_154' title='bbox 1369 1720 1584 1770; x_wconf 87' lang='lat' dir='ltr'>quaerunt</span> <span class='ocrx_word' id='word_1_155' title='bbox 1608 1718 1785 1758; x_wconf 88' lang='lat' dir='ltr'>Troiani</span> 
     </span>
     <span class='ocr_line' id='line_1_20' title="bbox 144 1795 1783 1851; baseline -0.005 -10"><span class='ocrx_word' id='word_1_156' title='bbox 144 1802 296 1841; x_wconf 90' lang='lat' dir='ltr'>urbem</span> <span class='ocrx_word' id='word_1_157' title='bbox 344 1802 473 1841; x_wconf 85' lang='lat' dir='ltr'>celeri</span> <span class='ocrx_word' id='word_1_158' title='bbox 515 1811 645 1841; x_wconf 88' lang='lat' dir='ltr'>cursu</span> <span class='ocrx_word' id='word_1_159' title='bbox 687 1803 955 1851; x_wconf 86' lang='lat' dir='ltr'>repetentes,</span> <span class='ocrx_word' id='word_1_160' title='bbox 999 1803 1095 1840; x_wconf 88' lang='lat' dir='ltr'>tum</span> <span class='ocrx_word' id='word_1_161' title='bbox 1139 1811 1248 1849; x_wconf 91' lang='lat' dir='ltr'>opus</span> <span class='ocrx_word' id='word_1_162' title='bbox 1288 1801 1356 1839; x_wconf 90' lang='lat' dir='ltr'>est</span> <span class='ocrx_word' id='word_1_163' title='bbox 1387 1797 1570 1838; x_wconf 84' lang='lat' dir='ltr'>Achillis</span> <span class='ocrx_word' id='word_1_164' title='bbox 1602 1795 1783 1845; x_wconf 90' lang='lat' dir='ltr'>pedibus</span> 
     </span>
     <span class='ocr_line' id='line_1_21' title="bbox 147 1876 1450 1928; baseline -0.002 -11"><span class='ocrx_word' id='word_1_165' title='bbox 147 1878 408 1928; x_wconf 85' lang='lat' dir='ltr'>celerrimis,</span> <span class='ocrx_word' id='word_1_166' title='bbox 442 1888 551 1927; x_wconf 92' lang='lat' dir='ltr'>quos</span> <span class='ocrx_word' id='word_1_167' title='bbox 582 1888 637 1917; x_wconf 88' lang='lat' dir='ltr'>ne</span> <span class='ocrx_word' id='word_1_168' title='bbox 669 1878 831 1917; x_wconf 82' lang='lat' dir='ltr'>Hector</span> <span class='ocrx_word' id='word_1_169' title='bbox 863 1878 1038 1925; x_wconf 89' lang='lat' dir='ltr'>quidem</span> <span class='ocrx_word' id='word_1_170' title='bbox 1072 1877 1262 1926; x_wconf 84' lang='lat' dir='ltr'>effugere</span> <span class='ocrx_word' id='word_1_171' title='bbox 1294 1876 1450 1925; x_wconf 89' lang='lat' dir='ltr'>potuit.</span> 
     </span>
    </p>

    <p class='ocr_par' dir='ltr' id='par_1_8' title="bbox 145 1951 1786 2386">
     <span class='ocr_line' id='line_1_22' title="bbox 206 1951 1781 2004; baseline -0.003 -12"><span class='ocrx_word' id='word_1_172' title='bbox 206 1955 291 1994; x_wconf 87' lang='lat' dir='ltr'>Fac</span> <span class='ocrx_word' id='word_1_173' title='bbox 323 1955 457 2004; x_wconf 89' lang='lat' dir='ltr'>igitur</span> <span class='ocrx_word' id='word_1_174' title='bbox 489 1954 672 1993; x_wconf 86' lang='lat' dir='ltr'>Iliadem</span> <span class='ocrx_word' id='word_1_175' title='bbox 708 1954 958 1993; x_wconf 90' lang='lat' dir='ltr'>dividamus</span> <span class='ocrx_word' id='word_1_176' title='bbox 990 1954 1196 2002; x_wconf 90' lang='lat' dir='ltr'>bipartito</span> <span class='ocrx_word' id='word_1_177' title='bbox 1230 1953 1310 2003; x_wconf 90' lang='lat' dir='ltr'>ita,</span> <span class='ocrx_word' id='word_1_178' title='bbox 1343 1954 1391 1991; x_wconf 92' lang='lat' dir='ltr'>ut</span> <span class='ocrx_word' id='word_1_179' title='bbox 1418 1951 1535 2000; x_wconf 88' lang='lat' dir='ltr'>prior</span> <span class='ocrx_word' id='word_1_180' title='bbox 1560 1960 1660 2000; x_wconf 89' lang='lat' dir='ltr'>pars</span> <span class='ocrx_word' id='word_1_181' title='bbox 1687 1959 1781 1988; x_wconf 93' lang='lat' dir='ltr'>con-</span> 
     </span>
     <span class='ocr_line' id='line_1_23' title="bbox 145 2026 1782 2078; baseline -0.004 -9"><span class='ocrx_word' id='word_1_182' title='bbox 145 2031 283 2069; x_wconf 88' lang='lat' dir='ltr'>tineat</span> <span class='ocrx_word' id='word_1_183' title='bbox 315 2031 578 2069; x_wconf 81' lang='lat' dir='ltr'>Graecorum</span> <span class='ocrx_word' id='word_1_184' title='bbox 613 2032 863 2069; x_wconf 88' lang='lat' dir='ltr'>castrorum</span> <span class='ocrx_word' id='word_1_185' title='bbox 895 2030 1286 2078; x_wconf 87' lang='lat' dir='ltr'>oppugnationem,</span> <span class='ocrx_word' id='word_1_186' title='bbox 1326 2028 1463 2067; x_wconf 88' lang='lat' dir='ltr'>altera</span> <span class='ocrx_word' id='word_1_187' title='bbox 1494 2026 1782 2066; x_wconf 83' lang='lat' dir='ltr'>Troianorum</span> 
     </span>
     <span class='ocr_line' id='line_1_24' title="bbox 147 2101 1786 2155; baseline -0.004 -10"><span class='ocrx_word' id='word_1_188' title='bbox 147 2107 424 2155; x_wconf 88' lang='lat' dir='ltr'>repulsorum</span> <span class='ocrx_word' id='word_1_189' title='bbox 455 2106 625 2155; x_wconf 86' lang='lat' dir='ltr'>fugam,</span> <span class='ocrx_word' id='word_1_190' title='bbox 660 2107 755 2144; x_wconf 83' lang='lat' dir='ltr'>tum</span> <span class='ocrx_word' id='word_1_191' title='bbox 790 2105 1015 2154; x_wconf 84' lang='lat' dir='ltr'>apparebit</span> <span class='ocrx_word' id='word_1_192' title='bbox 1056 2107 1287 2152; x_wconf 86' lang='lat' dir='ltr'>utramque</span> <span class='ocrx_word' id='word_1_193' title='bbox 1320 2105 1489 2153; x_wconf 84' lang='lat' dir='ltr'>partem</span> <span class='ocrx_word' id='word_1_194' title='bbox 1521 2101 1786 2152; x_wconf 86' lang='lat' dir='ltr'>peculiarem</span> 
     </span>
     <span class='ocr_line' id='line_1_25' title="bbox 149 2177 1781 2230; baseline -0.002 -10"><span class='ocrx_word' id='word_1_195' title='bbox 149 2182 233 2221; x_wconf 93' lang='lat' dir='ltr'>sibi</span> <span class='ocrx_word' id='word_1_196' title='bbox 264 2192 394 2221; x_wconf 92' lang='lat' dir='ltr'>suum</span> <span class='ocrx_word' id='word_1_197' title='bbox 428 2181 634 2220; x_wconf 87' lang='lat' dir='ltr'>habuisse</span> <span class='ocrx_word' id='word_1_198' title='bbox 663 2181 866 2220; x_wconf 87' lang='lat' dir='ltr'>heroem:</span> <span class='ocrx_word' id='word_1_199' title='bbox 894 2181 1083 2230; x_wconf 88' lang='lat' dir='ltr'>priorem</span> <span class='ocrx_word' id='word_1_200' title='bbox 1109 2181 1308 2229; x_wconf 87' lang='lat' dir='ltr'>Aiacem,</span> <span class='ocrx_word' id='word_1_201' title='bbox 1338 2180 1523 2219; x_wconf 87' lang='lat' dir='ltr'>alteram</span> <span class='ocrx_word' id='word_1_202' title='bbox 1552 2177 1781 2217; x_wconf 89' lang='lat' dir='ltr'>Achillem.</span> 
     </span>
     <span class='ocr_line' id='line_1_26' title="bbox 149 2256 1782 2307; baseline -0.003 -10"><span class='ocrx_word' id='word_1_203' title='bbox 149 2259 312 2297; x_wconf 89' lang='lat' dir='ltr'>Neuter</span> <span class='ocrx_word' id='word_1_204' title='bbox 357 2257 531 2296; x_wconf 89' lang='lat' dir='ltr'>Troiam</span> <span class='ocrx_word' id='word_1_205' title='bbox 581 2256 712 2306; x_wconf 91' lang='lat' dir='ltr'>cepit,</span> <span class='ocrx_word' id='word_1_206' title='bbox 756 2267 859 2296; x_wconf 89' lang='lat' dir='ltr'>nam</span> <span class='ocrx_word' id='word_1_207' title='bbox 903 2257 1015 2296; x_wconf 89' lang='lat' dir='ltr'>hanc</span> <span class='ocrx_word' id='word_1_208' title='bbox 1063 2257 1114 2296; x_wconf 88' lang='lat' dir='ltr'>ad</span> <span class='ocrx_word' id='word_1_209' title='bbox 1156 2267 1250 2296; x_wconf 90' lang='lat' dir='ltr'>rem</span> <span class='ocrx_word' id='word_1_210' title='bbox 1293 2266 1433 2304; x_wconf 89' lang='lat' dir='ltr'>neque</span> <span class='ocrx_word' id='word_1_211' title='bbox 1465 2265 1573 2304; x_wconf 91' lang='lat' dir='ltr'>opus</span> <span class='ocrx_word' id='word_1_212' title='bbox 1605 2256 1699 2294; x_wconf 88' lang='lat' dir='ltr'>erat</span> <span class='ocrx_word' id='word_1_213' title='bbox 1731 2260 1782 2307; x_wconf 77' lang='grc' dir='ltr'>τῷ</span> 
     </span>
     <span class='ocr_line' id='line_1_27' title="bbox 149 2329 1782 2386; baseline -0.004 -13"><span class='ocrx_word' id='word_1_214' title='bbox 149 2332 254 2386; x_wconf 77' lang='grc' dir='ltr'><em>ἕρκεϊ</em></span> <span class='ocrx_word' id='word_1_215' title='bbox 283 2336 444 2384; x_wconf 82' lang='grc' dir='ltr'><em>Ἀχαιῶν</em></span> <span class='ocrx_word' id='word_1_216' title='bbox 476 2342 616 2380; x_wconf 89' lang='lat' dir='ltr'>neque</span> <span class='ocrx_word' id='word_1_217' title='bbox 649 2338 700 2386; x_wconf 80' lang='grc' dir='ltr'>τῷ</span> <span class='ocrx_word' id='word_1_218' title='bbox 733 2331 863 2379; x_wconf 82' lang='grc' dir='ltr'><em>πόδας</em></span> <span class='ocrx_word' id='word_1_219' title='bbox 900 2329 1010 2383; x_wconf 77' lang='grc' dir='ltr'><em>ὠκέι,</em></span> <span class='ocrx_word' id='word_1_220' title='bbox 1052 2333 1127 2372; x_wconf 92' lang='lat' dir='ltr'>sed</span> <span class='ocrx_word' id='word_1_221' title='bbox 1161 2343 1268 2381; x_wconf 90' lang='lat' dir='ltr'>opus</span> <span class='ocrx_word' id='word_1_222' title='bbox 1301 2333 1396 2371; x_wconf 89' lang='lat' dir='ltr'>erat</span> <span class='ocrx_word' id='word_1_223' title='bbox 1426 2338 1477 2383; x_wconf 85' lang='grc' dir='ltr'>τῷ</span> <span class='ocrx_word' id='word_1_224' title='bbox 1511 2329 1782 2385; x_wconf 80' lang='grc' dir='ltr'><em>πτολιπόρθῳ.</em></span> 
     </span>
    </p>

    <p class='ocr_par' dir='ltr' id='par_1_9' title="bbox 142 2406 1785 3057">
     <span class='ocr_line' id='line_1_28' title="bbox 206 2406 1781 2457; baseline -0.003 -9"><span class='ocrx_word' id='word_1_225' title='bbox 206 2411 268 2449; x_wconf 90' lang='lat' dir='ltr'>De</span> <span class='ocrx_word' id='word_1_226' title='bbox 314 2409 467 2448; x_wconf 89' lang='lat' dir='ltr'>Troiae</span> <span class='ocrx_word' id='word_1_227' title='bbox 513 2418 612 2447; x_wconf 90' lang='lat' dir='ltr'>vero</span> <span class='ocrx_word' id='word_1_228' title='bbox 655 2407 979 2456; x_wconf 86' lang='lat' dir='ltr'>oppugnatione</span> <span class='ocrx_word' id='word_1_229' title='bbox 1023 2418 1122 2446; x_wconf 87' lang='lat' dir='ltr'>curn</span> <span class='ocrx_word' id='word_1_230' title='bbox 1159 2408 1310 2457; x_wconf 89' lang='lat' dir='ltr'>paucis</span> <span class='ocrx_word' id='word_1_231' title='bbox 1342 2408 1445 2456; x_wconf 87' lang='lat' dir='ltr'>agat</span> <span class='ocrx_word' id='word_1_232' title='bbox 1476 2406 1582 2445; x_wconf 89' lang='lat' dir='ltr'>Ilias</span> <span class='ocrx_word' id='word_1_233' title='bbox 1611 2407 1781 2455; x_wconf 85' lang='lat' dir='ltr'>nostra,</span> 
     </span>
     <span class='ocr_line' id='line_1_29' title="bbox 148 2481 1783 2534; baseline -0.004 -9"><span class='ocrx_word' id='word_1_234' title='bbox 148 2486 328 2526; x_wconf 87' lang='lat' dir='ltr'>omnino</span> <span class='ocrx_word' id='word_1_235' title='bbox 371 2486 522 2524; x_wconf 89' lang='lat' dir='ltr'>autem</span> <span class='ocrx_word' id='word_1_236' title='bbox 563 2493 650 2522; x_wconf 90' lang='lat' dir='ltr'>non</span> <span class='ocrx_word' id='word_1_237' title='bbox 694 2485 795 2532; x_wconf 90' lang='lat' dir='ltr'>agat</span> <span class='ocrx_word' id='word_1_238' title='bbox 837 2483 887 2522; x_wconf 89' lang='lat' dir='ltr'>de</span> <span class='ocrx_word' id='word_1_239' title='bbox 920 2483 1049 2523; x_wconf 92' lang='lat' dir='ltr'>Troia</span> <span class='ocrx_word' id='word_1_240' title='bbox 1081 2486 1228 2534; x_wconf 89' lang='lat' dir='ltr'>capta,</span> <span class='ocrx_word' id='word_1_241' title='bbox 1261 2483 1416 2522; x_wconf 79' lang='lat' dir='ltr'>Ulixes</span> <span class='ocrx_word' id='word_1_242' title='bbox 1448 2482 1525 2521; x_wconf 78' lang='lat' dir='ltr'>vix</span> <span class='ocrx_word' id='word_1_243' title='bbox 1556 2483 1602 2520; x_wconf 91' lang='lat' dir='ltr'>in</span> <span class='ocrx_word' id='word_1_244' title='bbox 1634 2481 1783 2520; x_wconf 88' lang='lat' dir='ltr'>Iliadis</span> 
     </span>
     <span class='ocr_line' id='line_1_30' title="bbox 148 2557 1784 2610; baseline -0.004 -9"><span class='ocrx_word' id='word_1_245' title='bbox 148 2562 317 2602; x_wconf 90' lang='lat' dir='ltr'>ambitu</span> <span class='ocrx_word' id='word_1_246' title='bbox 363 2562 512 2610; x_wconf 90' lang='lat' dir='ltr'>partes</span> <span class='ocrx_word' id='word_1_247' title='bbox 560 2570 663 2600; x_wconf 88' lang='lat' dir='ltr'>suas</span> <span class='ocrx_word' id='word_1_248' title='bbox 709 2559 893 2598; x_wconf 89' lang='lat' dir='ltr'>invenit.</span> <span class='ocrx_word' id='word_1_249' title='bbox 936 2560 1047 2598; x_wconf 91' lang='lat' dir='ltr'>Nam</span> <span class='ocrx_word' id='word_1_250' title='bbox 1088 2561 1223 2599; x_wconf 88' lang='lat' dir='ltr'>tertia</span> <span class='ocrx_word' id='word_1_251' title='bbox 1263 2559 1462 2608; x_wconf 90' lang='lat' dir='ltr'>trilogiae</span> <span class='ocrx_word' id='word_1_252' title='bbox 1504 2568 1604 2608; x_wconf 91' lang='lat' dir='ltr'>pars</span> <span class='ocrx_word' id='word_1_253' title='bbox 1645 2557 1784 2597; x_wconf 90' lang='lat' dir='ltr'>abest.</span> 
     </span>
     <span class='ocr_line' id='line_1_31' title="bbox 146 2634 1785 2685; baseline -0.004 -8"><span class='ocrx_word' id='word_1_254' title='bbox 146 2638 358 2677; x_wconf 89' lang='lat' dir='ltr'>Videmus</span> <span class='ocrx_word' id='word_1_255' title='bbox 404 2637 641 2685; x_wconf 81' lang='lat' dir='ltr'>Achillem,</span> <span class='ocrx_word' id='word_1_256' title='bbox 686 2635 758 2683; x_wconf 91' lang='lat' dir='ltr'>qui</span> <span class='ocrx_word' id='word_1_257' title='bbox 801 2635 941 2674; x_wconf 89' lang='lat' dir='ltr'>altera</span> <span class='ocrx_word' id='word_1_258' title='bbox 982 2636 1025 2673; x_wconf 89' lang='lat' dir='ltr'>in</span> <span class='ocrx_word' id='word_1_259' title='bbox 1066 2637 1190 2684; x_wconf 89' lang='lat' dir='ltr'>parte</span> <span class='ocrx_word' id='word_1_260' title='bbox 1232 2636 1465 2674; x_wconf 88' lang='lat' dir='ltr'>Hectorem</span> <span class='ocrx_word' id='word_1_261' title='bbox 1510 2634 1785 2683; x_wconf 83' lang='lat' dir='ltr'>persequitur</span> 
     </span>
     <span class='ocr_line' id='line_1_32' title="bbox 146 2710 1783 2761; baseline -0.003 -8"><span class='ocrx_word' id='word_1_262' title='bbox 146 2724 196 2753; x_wconf 90' lang='lat' dir='ltr'>ac</span> <span class='ocrx_word' id='word_1_263' title='bbox 236 2713 441 2753; x_wconf 85' lang='lat' dir='ltr'>interficit</span> <span class='ocrx_word' id='word_1_264' title='bbox 454 2724 463 2761; x_wconf 93' lang='lat'>;</span> <span class='ocrx_word' id='word_1_265' title='bbox 509 2712 709 2751; x_wconf 90' lang='lat' dir='ltr'>videmus</span> <span class='ocrx_word' id='word_1_266' title='bbox 751 2711 951 2761; x_wconf 86' lang='lat' dir='ltr'>Aiacem,</span> <span class='ocrx_word' id='word_1_267' title='bbox 992 2712 1064 2759; x_wconf 92' lang='lat' dir='ltr'>qui</span> <span class='ocrx_word' id='word_1_268' title='bbox 1096 2712 1139 2750; x_wconf 90' lang='lat' dir='ltr'>in</span> <span class='ocrx_word' id='word_1_269' title='bbox 1174 2714 1298 2760; x_wconf 87' lang='lat' dir='ltr'>parte</span> <span class='ocrx_word' id='word_1_270' title='bbox 1330 2711 1490 2760; x_wconf 86' lang='lat' dir='ltr'>priore,</span> <span class='ocrx_word' id='word_1_271' title='bbox 1526 2711 1598 2749; x_wconf 92' lang='lat' dir='ltr'>ubi</span> <span class='ocrx_word' id='word_1_272' title='bbox 1631 2710 1783 2749; x_wconf 81' lang='lat' dir='ltr'>Graeci</span> 
     </span>
     <span class='ocr_line' id='line_1_33' title="bbox 145 2786 1783 2837; baseline -0.002 -9"><span class='ocrx_word' id='word_1_273' title='bbox 145 2799 283 2837; x_wconf 91' lang='lat' dir='ltr'>usque</span> <span class='ocrx_word' id='word_1_274' title='bbox 316 2789 369 2828; x_wconf 92' lang='lat' dir='ltr'>ad</span> <span class='ocrx_word' id='word_1_275' title='bbox 400 2788 676 2837; x_wconf 88' lang='lat' dir='ltr'>Hellesponti</span> <span class='ocrx_word' id='word_1_276' title='bbox 707 2787 813 2826; x_wconf 90' lang='lat' dir='ltr'>litus</span> <span class='ocrx_word' id='word_1_277' title='bbox 855 2787 1018 2836; x_wconf 90' lang='lat' dir='ltr'>repulsi</span> <span class='ocrx_word' id='word_1_278' title='bbox 1050 2797 1180 2836; x_wconf 87' lang='lat' dir='ltr'>aegre</span> <span class='ocrx_word' id='word_1_279' title='bbox 1217 2797 1355 2826; x_wconf 90' lang='lat' dir='ltr'>naves</span> <span class='ocrx_word' id='word_1_280' title='bbox 1388 2797 1493 2825; x_wconf 90' lang='lat' dir='ltr'>suas</span> <span class='ocrx_word' id='word_1_281' title='bbox 1526 2786 1783 2834; x_wconf 83' lang='lat' dir='ltr'>defendunt,</span> 
     </span>
     <span class='ocr_line' id='line_1_34' title="bbox 143 2863 1785 2913; baseline -0.002 -10"><span class='ocrx_word' id='word_1_282' title='bbox 143 2865 286 2913; x_wconf 90' lang='lat' dir='ltr'>surgit</span> <span class='ocrx_word' id='word_1_283' title='bbox 317 2864 519 2903; x_wconf 85' lang='lat' dir='ltr'>defensor</span> <span class='ocrx_word' id='word_1_284' title='bbox 551 2864 623 2911; x_wconf 87' lang='lat' dir='ltr'>qui</span> <span class='ocrx_word' id='word_1_285' title='bbox 656 2863 807 2902; x_wconf 86' lang='lat' dir='ltr'>cedere</span> <span class='ocrx_word' id='word_1_286' title='bbox 841 2863 996 2902; x_wconf 86' lang='lat' dir='ltr'>nescit.</span> <span class='ocrx_word' id='word_1_287' title='bbox 1035 2863 1183 2911; x_wconf 90' lang='lat' dir='ltr'>Neque</span> <span class='ocrx_word' id='word_1_288' title='bbox 1226 2863 1387 2902; x_wconf 90' lang='lat' dir='ltr'>iniuria</span> <span class='ocrx_word' id='word_1_289' title='bbox 1419 2872 1624 2902; x_wconf 89' lang='lat' dir='ltr'>summus</span> <span class='ocrx_word' id='word_1_290' title='bbox 1656 2863 1785 2909; x_wconf 86' lang='lat' dir='ltr'>poeta</span> 
     </span>
     <span class='ocr_line' id='line_1_35' title="bbox 142 2939 1782 2988; baseline -0.002 -10"><span class='ocrx_word' id='word_1_291' title='bbox 142 2940 310 2988; x_wconf 91' lang='lat' dir='ltr'>ingenti</span> <span class='ocrx_word' id='word_1_292' title='bbox 343 2950 444 2979; x_wconf 89' lang='lat' dir='ltr'>eum</span> <span class='ocrx_word' id='word_1_293' title='bbox 477 2939 692 2978; x_wconf 90' lang='lat' dir='ltr'>instruxit</span> <span class='ocrx_word' id='word_1_294' title='bbox 724 2940 873 2977; x_wconf 89' lang='lat' dir='ltr'>scuto:</span> <span class='ocrx_word' id='word_1_295' title='bbox 917 2939 983 2977; x_wconf 91' lang='lat' dir='ltr'>est</span> <span class='ocrx_word' id='word_1_296' title='bbox 1015 2939 1133 2978; x_wconf 90' lang='lat' dir='ltr'>enim</span> <span class='ocrx_word' id='word_1_297' title='bbox 1172 2939 1377 2978; x_wconf 84' lang='lat' dir='ltr'>defensor</span> <span class='ocrx_word' id='word_1_298' title='bbox 1409 2939 1782 2987; x_wconf 86' lang='lat' dir='ltr'>oppugnatorum,</span> 
     </span>
     <span class='ocr_line' id='line_1_36' title="bbox 143 3013 1781 3057; baseline -0.004 0"><span class='ocrx_word' id='word_1_299' title='bbox 143 3017 211 3057; x_wconf 85' lang='lat' dir='ltr'>est</span> <span class='ocrx_word' id='word_1_300' title='bbox 256 3015 415 3057; x_wconf 88' lang='lat' dir='ltr'>Hector</span> <span class='ocrx_word' id='word_1_301' title='bbox 462 3016 668 3057; x_wconf 81' lang='lat' dir='ltr'>Graecus,</span> <span class='ocrx_word' id='word_1_302' title='bbox 717 3015 811 3054; x_wconf 92' lang='lat' dir='ltr'>Non</span> <span class='ocrx_word' id='word_1_303' title='bbox 865 3014 924 3053; x_wconf 91' lang='lat' dir='ltr'>ibi</span> <span class='ocrx_word' id='word_1_304' title='bbox 981 3024 1141 3054; x_wconf 87' lang='lat' dir='ltr'>nomen</span> <span class='ocrx_word' id='word_1_305' title='bbox 1189 3015 1338 3055; x_wconf 90' lang='lat' dir='ltr'>Aiacis</span> <span class='ocrx_word' id='word_1_306' title='bbox 1386 3014 1590 3053; x_wconf 87' lang='lat' dir='ltr'>laudibus</span> <span class='ocrx_word' id='word_1_307' title='bbox 1639 3013 1781 3053; x_wconf 84' lang='lat' dir='ltr'>efferri</span> 
     </span>
    </p>
   </div>
  </div>
 </body>
</html>
