2200 3487
361 351 387 389 4
1054 357 1107 385 DE
1138 353 1284 384 Amen.

360 477 404 514 in
451 475 624 513 Pindari
667 474 810 512 verbis
851 471 1138 520 explicandis,
1185 470 1350 517 auctor,
1393 469 1460 507 cui
1492 467 1623 507 fidem
1656 467 1898 507 habeamus
1929 467 1980 506 de

358 550 619 599 fragmentis
660 548 916 597 deperditis,
960 546 1072 584 haud
1117 555 1213 583 esse
1253 546 1410 592 potest.
1453 544 1582 593 Tum,
1629 544 1728 592 quid
1770 544 1853 582 sibi
1886 543 1980 581 vult

360 626 485 674 pellis
525 625 600 663 illa
640 624 763 662 humi
794 624 951 670 strata,
987 621 1087 668 quid
1121 620 1248 658 heros
1280 619 1459 668 pedibus
1495 619 1710 667 tegumini
1740 619 1979 658 insistens?

355 696 425 737 Ἐν
461 698 554 745 Διὸς
585 699 716 753 κῳδίῳ
743 698 849 746 pede
877 697 1056 735 sinistro
1084 695 1348 743 consistunt,
1378 695 1451 742 qui
1478 695 1661 743 piaculis
1679 695 1790 734 solvi
1809 695 1978 742 volunt;

360 776 440 815 hoc
486 776 633 814 autem
680 774 781 811 hinc
827 781 957 820 quam
1007 771 1202 809 maxime
1249 770 1440 809 alienum
1483 780 1579 809 esse
1623 780 1708 808 non
1757 772 1824 809 est
1867 771 1979 818 quod

360 860 631 889 moneamus.
674 848 868 896 Accedit,
911 846 1023 894 quod
1064 846 1138 884 alii
1170 856 1339 892 quoque
1371 847 1588 893 auctores,
1623 845 1696 892 qui
1728 845 1840 884 hanc
1870 847 1979 885 trac-

354 927 502 964 tarunt
543 924 755 972 fabulam,
801 923 861 961 nil
900 922 1151 970 servarunt,
1187 931 1269 968 quo
1302 920 1567 959 scholiastae
1599 921 1743 969 opinio
1777 921 1983 959 affirmari

355 1001 506 1049 possit.
535 1000 695 1047 Immo,
725 999 777 1036 ad
805 1007 941 1036 unum
970 1006 1123 1035 omnes
1150 997 1304 1035 docent
1332 996 1564 1034 Herculem
1592 997 1843 1043 precantem
1870 996 1982 1044 pelle

354 1077 528 1115 leonina
570 1076 705 1114 fuisse
746 1076 929 1112 tectum.
974 1073 1092 1111 Licet
1130 1073 1171 1110 in
1205 1071 1352 1110 fabula
1383 1071 1600 1109 narranda
1631 1072 1701 1110 hic
1732 1073 1862 1118 atque
1894 1071 1984 1110 illic

356 1152 501 1190 varias
528 1152 676 1189 ineant
704 1151 815 1198 vias,
846 1149 927 1187 hac
953 1148 1111 1187 saltem
1140 1148 1183 1186 in
1210 1158 1257 1186 re
1284 1157 1457 1195 semper
1475 1148 1517 1185 et
1534 1146 1691 1195 ubique
1715 1148 1981 1196 conspirant.

414 1227 542 1265 Iuvat
587 1236 737 1264 eorum
784 1225 963 1272 mythos
1010 1223 1186 1272 propius
1233 1223 1477 1272 adspicere3
1527 1223 1602 1261 sed
1648 1225 1882 1271 antequam
1931 1233 1980 1262 eo

352 1303 595 1342 transimus
636 1300 905 1339 monendum
942 1300 1008 1338 est
1040 1299 1152 1347 apud
1183 1299 1431 1347 Euripidem
1466 1298 1509 1336 in
1541 1298 1634 1337 1000
1667 1299 1812 1337 abdito
1844 1299 1982 1338 latere

353 1377 724 1424 observationem,
782 1385 893 1423 quae
948 1375 1095 1413 Aiacis
1151 1373 1342 1421 aquilam
1390 1375 1569 1412 revocat
1613 1374 1658 1412 in
1705 1375 1980 1414 memoriam.

353 1453 560 1500 Legimus
601 1452 718 1490 enim
758 1451 913 1497 fragm.
959 1450 1044 1488 534
1088 1452 1124 1494 (e
1167 1449 1383 1497 Meleagro
1426 1449 1594 1497 petito),
1641 1449 1796 1496 quibus
1834 1450 1980 1488 verbis

353 1529 533 1566 nuntius
581 1526 876 1574 descripserit,
925 1536 1007 1573 quo
1048 1525 1231 1572 quisque
1273 1524 1424 1563 habitu
1467 1526 1603 1572 esset,
1638 1525 1710 1571 qui
1743 1525 1796 1563 ad
1828 1535 1979 1573 aprum

353 1603 612 1651 capiendum
645 1602 969 1641 convenissent.
1004 1601 1162 1649 Incipit
1194 1601 1515 1649 fragmentum:

684 1675 873 1726 Τελαμὼν
906 1673 948 1713 δὲ
980 1680 1156 1726 χρυσοῦν
1189 1673 1319 1713 αἰετὸν
1352 1673 1493 1725 πέλτης
1527 1673 1592 1712 ἔπι

679 1752 891 1803 πρόβλημα
924 1750 1074 1803 θηρὸς,
1105 1751 1270 1802 βότρυσι
1303 1747 1339 1789 δ’
1361 1750 1523 1800 ἔστεψεν
1555 1751 1656 1802 κάρα

680 1830 893 1877 Σαλαμῖνα
925 1832 1086 1876 κοσμῶν
1118 1826 1289 1877 πατρίδα
1321 1825 1393 1876 τὴν
1425 1825 1661 1876 εὐάμπελον.

413 1904 592 1943 Telamo
637 1903 770 1951 igitur
816 1904 858 1941 in
906 1904 1032 1941 scuto
1079 1902 1263 1941 Thracio
1305 1902 1373 1947 (cf.
1423 1902 1534 1939 σάκει
1576 1904 1760 1955 κυκλωτῷ
1804 1901 1983 1951 σώματος

353 1979 601 2030 προβλήματι
633 1979 790 2017 Aesch.
826 1978 942 2026 Sept.
976 1978 1076 2023 522)
1110 1977 1280 2025 aquilae
1314 1988 1491 2016 auream
1518 1978 1757 2026 imaginem
1785 1979 1980 2027 gerebat,

353 2056 466 2094 haud
514 2055 640 2093 dubie
686 2054 831 2093 Aiacis
879 2054 1094 2103 σύμβολον.
1142 2053 1283 2092 Locus
1331 2054 1480 2091 autem
1531 2053 1663 2091 aliam
1712 2063 1879 2100 quoque
1927 2054 1979 2093 ob

352 2141 531 2170 causam
565 2129 865 2168 memorabilis
898 2130 978 2167 est.
1014 2129 1117 2177 Quis
1150 2129 1267 2167 enim
1296 2139 1381 2167 non
1410 2129 1573 2177 cogitat
1599 2129 1649 2167 de
1677 2129 1981 2178 Xenophontis

356 2206 498 2244 verbis
542 2205 677 2244 Anab.
722 2206 758 2254 I,
808 2206 873 2254 10,
922 2205 996 2242 12:
1047 2202 1138 2252 „nat
1181 2204 1223 2242 τὸ
1266 2205 1466 2254 βασίλειον
1499 2207 1663 2253 σημεῖον
1697 2202 1793 2255 ὁρᾶν
1825 2203 1981 2253 ἔφασαν

355 2281 484 2318 αἰετόν
526 2296 612 2318 τινα
645 2285 820 2330 χρυσοῦν
853 2278 914 2317 ἐπὶ
948 2278 1067 2333 πέλτῃ
1103 2278 1438 2329 ἀνατεταμένον”,
1473 2280 1545 2318 ubi
1572 2282 1685 2318 teste
1714 2280 1982 2329 Cyropaedia

354 2356 468 2406 (VII,
507 2358 542 2405 l,
578 2357 642 2401 4):
680 2350 756 2405 »ἦν
790 2353 832 2393 δὲ
865 2362 915 2408 τῷ
951 2355 1070 2410 Κύρῳ
1103 2354 1144 2393 τὸ
1178 2358 1342 2405 σημεῖον
1374 2354 1500 2401 αἰετὸς
1524 2361 1697 2405 χρυσοῦς
1725 2354 1787 2393 ἐπὶ
1816 2354 1981 2406 δόρατος

353 2437 508 2480 μακροῦ
537 2429 854 2479 ἀνατεταμένος”
883 2441 1027 2470 sermo
1056 2434 1123 2470 est
1152 2431 1203 2470 de
1230 2432 1358 2470 hasta
1384 2441 1469 2471 non
1496 2432 1546 2470 de
1573 2434 1706 2470 cetra.
1734 2432 1815 2470 Sed
1843 2441 1980 2478 neque

353 2508 446 2547 loco
480 2508 708 2556 Euripideo
739 2518 878 2554 neque
910 2508 1045 2546 Arist.
1078 2508 1178 2556 Lys.
1214 2509 1322 2546 563:

679 2581 806 2633 ἕτερος
840 2580 875 2620 δ’
898 2577 949 2621 αὗ
987 2584 1091 2637 Θρᾷξ
1124 2582 1270 2633 πέλτην
1303 2583 1419 2621 σείων
1452 2581 1515 2620 καὶ
1550 2581 1733 2621 ἀκόντιον

352 2660 531 2698 dubium
576 2670 671 2698 esse
714 2661 879 2708 potest,
913 2661 1013 2706 quid
1056 2660 1207 2698 Graeci
1242 2670 1346 2698 voce
1377 2658 1494 2712 πέλτῃ
1527 2659 1782 2697 indicarent.
1815 2658 1981 2698 Unicus

351 2735 472 2773 locus
495 2735 566 2773 ubi
589 2745 722 2773 sensu
747 2736 898 2774 hastae
922 2736 1152 2774 adhibetur
1174 2736 1516 2784 Xenophonteus
1537 2734 1610 2772 ille
1628 2744 1761 2782 supra
1777 2734 1981 2773 laudatus

351 2812 432 2849 est.
462 2810 543 2849 Sed
571 2811 789 2848 undenam
814 2811 1067 2850 Anabaseos
1092 2813 1244 2850 auctor
1268 2811 1380 2849 hanc
1402 2809 1769 2858 significationem
1793 2810 1982 2857 petivit?

352 2886 505 2924 Nonne
540 2885 768 2924 verebatur
802 2896 854 2924 ne
889 2896 913 2923 a
940 2885 1174 2924 lectoribus
1202 2886 1317 2924 male
1346 2896 1434 2924 vox
1460 2885 1820 2933 intellegeretur?
1848 2885 1978 2923 Voca-

351 2962 504 3000 bulum
537 2960 655 3012 πέλτη
689 2972 821 3000 sensu
856 2964 999 3001 cetrae
1032 2963 1222 3010 primum
1257 2963 1369 3010 apud
1403 2962 1651 3010 Euripidem
1680 2961 1910 3000 offenditur
1938 2960 1980 2998 in

351 3037 573 3077 Alcestide
623 3037 784 3083 (fabula
832 3038 934 3075 anni
984 3038 1108 3086 438);
1153 3038 1267 3077 Mars
1309 3037 1367 3076 ibi
1410 3038 1534 3076 audit
1575 3037 1772 3087 ζαχρύσου
1808 3036 1983 3090 Θρῃκίοις
