2200 3487
485 322 566 357 130
1175 327 1228 354 DE
1260 326 1404 354 ΛΙΑςΕ.

536 445 624 483 Nos
666 454 834 492 quoque
877 443 1096 482 credimus
1138 441 1245 480 Oilei
1287 450 1446 478 nomen
1483 440 1729 478 derivatum
1764 450 1860 478 esse
1894 439 1945 478 ab
1978 439 2102 488 Apol·

475 520 578 558 linis
612 519 786 568 epiclesi
818 519 1006 558 locrensi
1027 516 1152 563 Ἤευς
1184 516 1250 554 vel
1284 515 1432 560 falsog.
1464 515 1578 554 Aiax
1609 515 1822 554 locrensis
1841 537 1894 542 -
1913 515 2104 563 priscum

475 595 599 634 illum
629 595 851 643 volumus,
882 594 954 641 qui
980 595 1072 631 tam
1101 592 1312 630 maiorem
1343 601 1474 637 quam
1501 591 1716 629 minorem
1745 590 2103 642 amplectebatur,

476 672 651 709 nomine
684 681 762 708 suo
799 693 850 698 —
882 669 1102 716 terrigena
1133 664 1349 705 audiebat.
1392 666 1569 703 Patrem
1605 675 1690 704 non
1724 665 1934 704 curabant
1967 665 2102 704 homi-

476 757 566 784 nes.
611 746 710 794 Sed,
755 755 854 783 cum
897 745 1109 783 orientem
1144 751 1301 780 versus
1331 741 1552 788 emigrans
1583 741 1635 778 ad
1669 741 1922 779 Saronicum
1955 741 2102 779 sinum

476 832 573 860 cum
622 820 857 859 Telamone
903 817 1261 865 coniungebatur,
1308 825 1393 854 non
1441 817 1628 864 poterat,
1675 816 1778 862 quin
1825 816 1888 854 illi
1935 827 2103 864 quoque

474 897 615 944 Aiaci,
666 896 739 943 qui
784 897 829 934 in
876 893 1055 933 Locride
1103 892 1411 939 remansisset,
1445 891 1583 938 patris
1616 901 1776 930 nomen
1807 893 2103 938 quaereretur.

473 972 687 1020 Apollinis
734 974 838 1010 tunc
886 978 1127 1018 cognomen
1175 967 1213 1006 ei
1255 977 1331 1015 pro
1372 968 1496 1015 patre
1538 966 1631 1005 fuit.
1673 967 1756 1006 Avi
1798 978 1901 1006 vero
1944 977 2103 1006 nomen

469 1047 757 1085 Hodoedocus
799 1056 951 1084 veram
993 1044 1137 1082 herois
1180 1043 1396 1090 originem
1438 1041 1631 1080 indicare
1672 1041 1895 1090 pergebat.
1927 1042 2105 1090 Excogi-

467 1123 619 1160 tarunt
666 1122 820 1160 deinde
868 1120 1070 1158 homines
1116 1118 1332 1167 fabulam,
1381 1127 1465 1165 qua
1517 1117 1788 1165 explicarent
1833 1117 1925 1167 ubi,
1969 1119 2101 1169 unde,

468 1197 658 1245 quando,
693 1197 822 1235 heros
854 1196 970 1234 Ileus
1004 1195 1072 1234 vel
1106 1194 1253 1233 Oileus
1286 1195 1417 1232 natus
1445 1194 1575 1232 esset.
1603 1193 1689 1231 Res
1715 1193 1811 1242 ipsa
1837 1193 2023 1243 ferebat,
2053 1196 2103 1233 ut

468 1282 567 1310 cum
596 1272 882 1311 celeberrima
908 1270 1190 1309 Locrensium
1218 1269 1387 1308 colonia
1416 1291 1467 1296 —-
1497 1279 1606 1316 quae
1635 1271 1678 1307 et
1705 1269 1800 1317 ipsa
1817 1269 1870 1306 ab
1889 1269 2106 1317 Apollinis

468 1347 645 1395 epiclesi
677 1357 837 1386 nomen
865 1346 1051 1385 ducebat
1078 1368 1134 1371 —
1164 1345 1342 1384 heroem
1377 1345 1706 1393 coniungerent.
1741 1345 1844 1383 Sero
1879 1346 2026 1383 autem
2059 1345 2103 1384 in

468 1422 660 1460 carmine
688 1423 891 1471 apparuit
914 1422 986 1460 ille
1015 1421 1186 1470 Oileus,
1220 1421 1282 1459 ita
1308 1431 1405 1459 sero
1432 1422 1481 1459 ut
1507 1421 1635 1460 heros
1663 1431 1925 1469 magnarum
1953 1431 2099 1460 rerum

466 1499 693 1544 gestarum
754 1496 846 1535 fieri
905 1507 991 1535 non
1047 1496 1238 1544 amplius
1294 1496 1498 1544 potuerit.
1556 1496 1641 1534 Fac
1696 1496 1814 1534 enim
1862 1496 2102 1535 Locrenses

468 1573 645 1610 colonos
677 1572 846 1610 decimo
880 1571 950 1610 vel
984 1581 1097 1610 nono
1131 1571 1307 1610 saeculo
1340 1571 1468 1610 deum
1505 1581 1633 1609 suum
1667 1569 1780 1609 fil-{a
1813 1572 1856 1609 in
1888 1572 2102 1611 Troadem

468 1658 620 1686 secum
664 1647 863 1696 duxisse,
909 1647 1062 1686 Troiae
1095 1647 1353 1686 devastatae
1384 1647 1529 1686 locum
1561 1647 1662 1686 huic
1694 1648 1772 1686 deo
1806 1657 2104 1687 consacrasse.

466 1724 710 1762 Narrarunt
752 1722 906 1760 deinde
948 1722 1028 1761 hoc
1069 1733 1232 1761 numen
1266 1733 1439 1771 semper
1471 1722 1646 1761 Troiam
1679 1722 1925 1771 habitasse,
1957 1723 2022 1761 ita
2053 1725 2102 1762 ut

466 1799 510 1837 in
560 1798 847 1844 carminibus,
896 1808 1004 1844 quae
1053 1797 1204 1836 Troiae
1252 1798 1619 1846 oppugnationem
1669 1799 1896 1848 canerent,
1945 1798 2015 1836 Ilii
2062 1800 2105 1837 et

467 1874 684 1922 Apollinis
751 1873 930 1911 nomina
997 1873 1228 1911 coniuncta
1284 1873 1593 1921 proferrentur.
1654 1873 1736 1911 Sed
1792 1883 1892 1912 cum
1951 1883 2106 1913 omnes

466 1949 672 1988 Graeciae
720 1949 903 1997 populos
945 1949 1075 1986 huius
1117 1949 1457 1997 oppugnationis
1498 1948 1733 1997 participes
1774 1948 1910 1987 fuisse
1941 1959 2102 1988 memo-

465 2027 614 2064 rarent
654 2025 905 2073 rhapsoedi,
949 2035 1048 2063 cum
1091 2025 1205 2063 inter
1241 2025 1394 2063 heroes
1426 2025 1572 2063 locum
1604 2025 1865 2073 primarium
1899 2024 2102 2063 attribue-

464 2102 561 2139 rent
608 2100 730 2139 Aiaci
777 2100 1031 2138 Telamonio
1077 2110 1102 2138 a
1149 2100 1249 2138 sinu
1297 2100 1502 2139 Saronico
1552 2101 1734 2139 oriundo
1782 2109 1909 2139 verae
1957 2100 2103 2140 herois

465 2176 631 2224 patria-e
673 2176 820 2224 obliti,
869 2185 1056 2224 magnus
1088 2176 1161 2214 ille
1194 2176 1307 2214 Aiax
1340 2173 1556 2226 ὁμώνυμον
1588 2186 1717 2215 suum
1751 2176 1967 2215 minorem
2000 2177 2103 2215 ante

465 2252 618 2290 Troiae
650 2252 823 2290 moenia
855 2261 1006 2290 secum
1038 2251 1177 2290 duxit.
1212 2252 1380 2291 Horum
1413 2252 1531 2291 enim
1559 2252 1739 2291 nomina
1766 2251 1956 2300 disiungi
1981 2251 2102 2290 fama

464 2327 685 2375 popularis
712 2337 798 2365 non
826 2326 1010 2366 sinebat.
1042 2327 1167 2365 Unde
1199 2327 1365 2365 factum
1394 2328 1480 2376 est,
1509 2328 1557 2366 ut
1584 2327 1698 2366 Aiax
1724 2328 1868 2366 minor
1885 2328 2099 2366 maiorem

462 2402 552 2441 fere
593 2412 768 2450 semper
810 2402 852 2440 in
895 2411 1042 2450 pugna
1085 2402 1370 2440 comitaretur
1406 2424 1457 2429 —
1492 2402 1657 2441 relictis
1700 2402 1870 2441 civibus
1901 2402 1996 2441 suis
2026 2402 2103 2442 Lo·

463 2477 702 2515 crensibus.
760 2477 816 2515 Hi
869 2477 1008 2525 enim,
1069 2477 1141 2523 qui
1199 2477 1284 2525 ipsi
1341 2477 1429 2516 arci
1485 2480 1745 2526 oppuynatae
1797 2478 2103 2526 praebuissent

462 2563 641 2601 nomen,
686 2562 783 2591 sero
822 2552 1000 2590 demum
1033 2551 1077 2590 in
1110 2555 1450 2600 oppuynatorum
1483 2553 1735 2601 catalogum
1777 2553 1880 2599 (noli
1911 2554 2102 2602 cogitare

461 2629 512 2667 de
548 2630 591 2673 B)
624 2628 755 2676 recipi
788 2630 1006 2677 poterant,
1043 2628 1400 2676 ducebanturque
1434 2639 1459 2667 a
1490 2629 1690 2668 Medonte
1723 2629 1790 2674 (cf.
1819 2630 1864 2666 N
1887 2629 1972 2668 686
1991 2631 2099 2676 sqq.)

462 2703 671 2752 arcubus,
707 2704 853 2741 fundis
886 2704 1058 2742 armati.
1094 2703 1173 2751 Qui
1206 2714 1310 2742 vero
1340 2704 1512 2743 Oileum
1539 2704 1583 2742 in
1611 2704 1808 2742 carmina
1834 2704 2099 2753 introduxit,

460 2779 664 2828 rationis,
692 2789 801 2826 quae
828 2779 942 2817 inter
968 2779 1049 2817 hoc
1076 2789 1238 2818 nomen
1267 2780 1397 2826 atque
1425 2780 1531 2818 illud
1559 2779 1627 2817 Ilii
1653 2779 1962 2828 intercederet,
1983 2789 2100 2827 pror-

460 2864 537 2892 sus
580 2854 743 2893 oblitus
784 2865 882 2893 esse
924 2855 1125 2903 debebat,
1162 2855 1356 2903 alioquin
1389 2856 1505 2894 hunc
1539 2856 1714 2894 heroem
1748 2866 1834 2894 non
1867 2857 1992 2894 extra
2023 2855 2098 2894 sed

461 2929 577 2967 intra
619 2929 686 2967 Ilii
728 2930 904 2968 moenia
945 2940 1105 2978 ponere
1142 2930 1379 2969 debuisset.
1415 2931 1620 2969 Fortasse
1652 2931 1897 2970 formarum
1929 2941 2100 2978 quoque

461 3004 757 3053 discrepantia
790 3001 961 3050 (Ὀιλέως
995 3007 1038 3044 et
1066 3001 1199 3050 Ἰλίου)
1233 3006 1316 3044 hac
1349 3006 1392 3044 in
1424 3016 1470 3044 re
1501 3005 1662 3052 aliquid
1698 3006 1847 3045 valuit.
