2200 3487
454 350 508 386 32
1144 359 1197 385 DE
1228 358 1373 386 AIACE.

449 474 709 520 argumenta
736 473 913 511 confusa
941 474 984 510 et
1010 472 1213 509 intricata
1240 470 1456 519 videntur,
1484 472 1688 517 quoniam
1709 481 1806 510 cum
1826 472 2070 511 narratione

450 548 670 586 homerica
707 547 914 595 simplici,
950 549 998 585 ut
1029 546 1270 595 apparebit,
1307 548 1350 584 et
1380 545 1596 594 pellucida
1628 548 1887 595 coniungere
1919 557 2071 586 conan-

447 625 516 660 tur
543 633 705 661 novam
733 622 956 669 fabellam,
983 632 1067 668 qua
1084 621 1219 659 ritum
1239 621 1473 668 quemdam
1491 621 1775 660 Locrensium
1793 622 2070 670 explicabant

447 699 621 746 posteri.
665 697 884 736 Homerus
923 698 1038 735 enim
1073 697 1197 734 iuxta
1230 696 1347 734 Iovis
1380 696 1491 735 iram
1524 696 1574 735 ob
1608 697 1794 736 Graecos
1821 698 2066 747 superbien-

447 775 514 811 tes
561 775 603 811 et
650 773 840 811 nefarios
889 773 1175 819 commotam,
1225 771 1360 809 aliam
1407 772 1532 810 novit
1572 773 1682 811 iram
1725 783 1750 811 a
1791 773 1984 812 Minerva
2024 773 2067 812 in

447 848 618 887 Danaos
660 850 932 896 conceptam,
977 847 1125 886 Aiacis
1169 857 1270 885 vero
1314 847 1458 885 scelus
1501 858 1586 886 non
1624 848 1766 897 novit,
1799 858 1937 896 neque
1970 848 2067 887 Cas-

446 924 628 962 sandrae
675 925 868 972 raptum,
918 933 1055 970 neque
1102 923 1281 961 Aiacem
1325 933 1350 961 a
1392 923 1568 962 Graecis
1610 924 1797 972 petitum
1837 923 2066 971 lapidibus.

448 999 604 1037 Omnia
645 1009 754 1045 quae
793 999 972 1037 Aiacem
1013 998 1197 1046 virginis
1228 1000 1449 1046 raptorem
1483 1000 1685 1047 spectant
1715 999 1881 1038 Persidi
1916 998 2067 1037 deben-

446 1076 529 1122 tur,
572 1084 674 1112 nam
717 1074 760 1112 in
793 1083 843 1112 ea
876 1074 1086 1122 primum,
1120 1076 1170 1111 ut
1201 1074 1384 1123 videtur,
1419 1074 1530 1113 ritus
1562 1075 1791 1113 Locrensis
1821 1075 1994 1124 priscus
2025 1077 2068 1114 et

442 1149 652 1188 solemnis
679 1150 866 1188 formam
894 1149 1035 1187 induit
1062 1149 1291 1197 poeticam.
1319 1149 1561 1199 Nitebatur,
1589 1152 1637 1188 ut
1665 1150 1776 1188 infra
1804 1150 2066 1200 videbimus,

444 1226 512 1263 hic
539 1226 650 1263 ritus
677 1225 751 1263 illa
778 1225 872 1273 ipsa
899 1225 1113 1263 discordia
1140 1225 1256 1264 inter
1283 1225 1523 1264 Minervam
1552 1228 1594 1265 et
1625 1226 1780 1265 Aiaces
1806 1227 2065 1275 exercitata,

443 1301 565 1338 cuius
601 1301 783 1348 vestigia
814 1301 856 1338 in
890 1301 1081 1340 Homero
1114 1300 1382 1349 detegimus;
1416 1301 1594 1350 vigebat
1625 1302 1738 1340 forte
1764 1303 1852 1340 iam
1880 1302 1992 1341 ritus
2012 1322 2060 1330 —

444 1379 488 1415 at
519 1387 603 1416 non
635 1378 677 1415 in
711 1377 874 1416 Troade
910 1399 962 1405 —-
996 1379 1139 1416 aetate
1173 1378 1412 1427 homerica,
1447 1379 1491 1416 at
1523 1378 1718 1417 nondum
1744 1380 1872 1426 poeta
1899 1378 2064 1427 epicus,

442 1462 550 1499 quae
577 1452 738 1491 fiebant
764 1453 997 1502 solemnia,
1032 1453 1214 1501 poeticis
1245 1453 1440 1492 inventis
1472 1453 1692 1491 illustrare
1724 1455 2035 1501 temptaverat.

500 1528 548 1565 In
581 1528 771 1566 Homero
805 1538 906 1567 vero
940 1529 1238 1577 reperiebatur
1271 1529 1388 1567 Iovis
1419 1529 1483 1567 ira
1515 1529 1559 1566 in
1592 1528 1778 1567 Graecos
1805 1529 2032 1579 abeuntes,

1090 1602 1172 1642 ἐπεὶ
1207 1602 1255 1642 οὔ
1286 1619 1321 1641 τι
1353 1603 1552 1653 νοήμονες
1585 1600 1680 1642 οὐδὲ
1712 1603 1860 1643 δίκαιοι

735 1679 879 1725 πάντες
913 1678 1030 1717 ἔσανὶ
1790 1664 1793 1665 ⁷

439 1755 592 1802 quibus
636 1755 778 1793 verbis
822 1753 961 1809 (ἀδίκῳ
1005 1757 1047 1794 et
1079 1753 1251 1809 ἀνοήτῳ)
1284 1757 1460 1804 poetam
1492 1756 1710 1794 indicasse
1742 1756 1886 1795 scelus
1918 1756 2065 1795 Aiacis

440 1828 620 1879 ἀνόσιον,
657 1830 804 1869 nullus
837 1831 962 1870 credo
996 1830 1249 1880 affirmabit,
1284 1842 1338 1870 ne
1365 1832 1403 1869 is
1430 1831 1623 1880 quidem,
1655 1841 1784 1878 quem
1812 1831 1925 1869 haud
1953 1832 2064 1879 fugit

440 1904 486 1943 τὰ
533 1904 748 1956 ἀφροδίσια
796 1907 1017 1946 interdum
1065 1907 1194 1945 attice
1236 1907 1416 1945 indicari
1459 1916 1566 1945 voce
1607 1904 1789 1955 ἀνοήτων
1832 1906 1920 1950 (Ar.
1954 1905 2062 1944 Nub.

442 1992 504 2019 vs.
539 1982 647 2029 417;
683 1983 852 2028 Schol.).

499 2058 661 2095 Iterum
696 2058 825 2097 huius
858 2059 947 2096 irae
980 2057 1028 2096 fit
1060 2059 1226 2097 mentio
1259 2073 1281 2110 γ
1318 2059 1399 2097 160
1433 2069 1553 2106 sqq.:

1088 2133 1189 2179 Ζεὺς
1222 2129 1258 2171 δ’
1295 2132 1407 2172 οὔπω
1434 2130 1597 2183 ’μήδετο
1628 2132 1772 2171 νόστον

676 2207 863 2259 σχέτλιος,
895 2205 937 2255 ὃς
969 2206 1003 2260 ῤ’
1041 2208 1126 2260 ἔριν
1159 2204 1258 2260 ὦρσε
1290 2209 1419 2260 κακὴν
1452 2207 1516 2248 ἐπὶ
1548 2209 1734 2259 δεύτερον
1767 2202 1891 2254 αὖτις.

497 2285 595 2333 Sed,
635 2287 683 2323 ut
721 2286 809 2323 iam
853 2286 1206 2335 observavimus,
1250 2287 1375 2325 iuxta
1407 2287 1520 2324 hanc
1551 2286 1672 2324 Iovis
1705 2286 1816 2323 iram
1849 2284 2062 2322 vindicias

438 2359 559 2397 novit
605 2362 731 2408 poeta
777 2362 959 2400 alterius
1005 2362 1202 2401 numinis
1251 2364 1430 2401 cunctos
1471 2363 1515 2400 in
1558 2362 1744 2401 Graecos
1776 2360 2058 2409 exercitatas,

439 2444 593 2483 nempe
639 2437 833 2475 numinis
875 2438 1085 2477 Troianae
1117 2439 1231 2477 arcis
1262 2439 1486 2487 tutelaris,
1520 2448 1630 2485 quae
1663 2438 1766 2476 licet
1798 2438 1916 2476 esset
1946 2437 2062 2475 victa

440 2510 625 2548 victores
657 2512 803 2551 salvos
835 2513 952 2552 abire
985 2524 1071 2553 non
1103 2514 1277 2553 sinebat
1308 2524 1502 2562 quaeque
1537 2513 1678 2564 μήνιος
1703 2511 1748 2559 ἓξ
1781 2510 1897 2562 ὀλοῆς

733 2585 815 2636 ἔριν
849 2588 1061 2642 Ἀτρεΐδῃσι
1092 2585 1168 2639 μετ’
1203 2587 1488 2640 ἀμφοτέροισιν
1519 2588 1654 2640 ἔθηκε.

498 2660 687 2699 Vocatur
733 2663 905 2708 quidem
954 2664 1034 2702 hoc
1076 2675 1238 2704 numen
1280 2676 1306 2703 a
1346 2667 1476 2714 poeta
1506 2665 1753 2717 γλαύκωπις,
1783 2661 2058 2714 ὀβριμοπάτρη

437 2738 597 2784 Ἀθηνᾶ,
626 2737 702 2775 sed
730 2737 818 2775 fere
846 2748 1221 2786 supervacaneum
1249 2741 1422 2780 videtur
1439 2741 1671 2780 observare
1689 2741 1801 2778 hanc
1818 2740 2056 2778 Minervam

437 2821 615 2858 prorsus
662 2811 880 2850 diversam
922 2814 1058 2853 fuisse
1099 2815 1151 2853 ab
1195 2816 1287 2865 illa,
1332 2827 1441 2864 quae
1474 2816 1650 2865 Achilli,
1685 2815 1901 2863 Diomedi,
1935 2814 2057 2852 Ulixi

437 2887 595 2924 iterum
637 2888 765 2933 atque
809 2888 968 2926 iterum
1014 2892 1164 2929 contra
1206 2891 1414 2931 Troianos
1447 2901 1573 2940 opem
1607 2891 1721 2930 tulit.
1754 2891 1950 2938 Usurpat
1979 2889 2057 2928 illa

438 2961 663 3012 ,,πρόμαχος
697 2962 925 3010 Pergami'’
960 2974 1120 3003 nomen
1153 2967 1367 3016 alienum,
1397 2969 1579 3015 usurpat
1605 2967 1648 3004 in
1676 2965 1784 3005 libro
1802 2965 2056 3004 recentioris

436 3038 592 3075 aetatis
635 3039 694 3081 (Z)
737 3038 966 3085 templum,
1010 3041 1120 3086 quod
1160 3042 1382 3081 homerica
1424 3044 1539 3081 certe
1581 3043 1723 3080 aetate
1765 3042 1807 3080 in
1840 3051 1937 3080 arce
1969 3050 2055 3079 non
