2200 3487
492 357 542 394 18
1180 363 1231 389 DE
1264 361 1410 389 AIACE.

782 478 832 523 ὥς
866 491 902 514 τε
935 476 1031 514 λέων
1065 475 1182 526 ἐχάρη
1214 475 1367 528 μεγάλῳ
1402 473 1465 512 ἐπὶ
1499 473 1648 523 σώματι
1681 476 1829 526 κύρσας

781 551 908 602 εὑρὼν
941 550 964 601 ἢ
997 549 1149 599 ἔλαφον
1180 549 1323 599 κεραὸν
1357 547 1381 599 ἢ
1414 547 1554 600 ἄγριον
1582 545 1675 600 αἶγα
1708 553 1788 589 etc.

544 630 689 676 Neque
745 627 857 675 fugit
912 625 1197 664 scholiastam
1239 634 1308 662 res
1354 623 1634 672 perridicula,
1685 625 1914 663 annotavit
1960 625 2099 663 enim:

487 704 561 753 „01'2
590 708 864 753 συμμαχοῦσιν
892 699 1073 749 ἀλλήλοις
1101 697 1303 744 λέοντες”ῐ
1333 699 1484 737 Nonne
1520 700 1665 747 potius
1697 700 1896 738 dicemus
1927 702 2103 749 poetam

483 779 641 818 idcirco
668 779 858 826 imagine
885 777 1020 814 fuisse
1049 775 1253 822 abusum,
1282 775 1384 821 quia
1410 775 1566 813 Aiaces
1593 775 1800 814 divellere
1818 785 1957 823 neque
1975 776 2109 815 vellet

482 865 620 901 neque
654 853 833 902 posset?

544 931 596 967 M
633 929 715 966 343
760 938 849 974 sqq.
894 926 1170 964 Menestheus
1213 925 1498 964 Atheniensis
1539 926 1591 963 ad
1623 926 1782 964 Aiaces
1814 927 1952 965 mittit
1983 927 2103 966 hisce

481 1005 645 1044 verbis:
693 1004 939 1051 „praestare
982 1001 1144 1039 auxilio
1187 1002 1225 1039 si
1268 1002 1448 1039 veniant
1483 1002 1630 1050 ambo,
1666 1002 1735 1040 sin
1768 1002 1861 1041 fieri
1893 1004 2102 1051 nequeat,

478 1080 597 1119 solus
629 1079 775 1117 veniat
802 1078 915 1116 Aiax
943 1078 1092 1125 maior,
1122 1077 1198 1115 sed
1225 1086 1376 1115 secum
1404 1078 1507 1124 agat
1533 1077 1748 1115 Teucrum
1778 1078 2102 1125 sagittarium.”

477 1156 539 1194 En
571 1154 691 1193 venit
728 1163 841 1190 unus
873 1151 1172 1200 Telamonius,
1208 1153 1253 1189 at

772 1229 839 1265 ,fol
878 1229 1050 1277 Τεῦκρος
1083 1223 1143 1276 ἅμ’
1182 1222 1226 1280 ᾖε
1258 1226 1498 1277 κασίγνητος
1531 1225 1596 1265 καὶ
1630 1225 1812 1275 ὄπατρος.

535 1305 695 1343 Teucer
735 1304 868 1351 igitur
910 1303 991 1341 hoc
1032 1303 1126 1341 loco
1165 1312 1242 1350 pro
1275 1302 1383 1340 Oilei
1418 1301 1506 1341 filio
1539 1303 1656 1341 latus
1688 1304 1800 1351 tegit
1832 1303 2098 1342 Telamonio.

474 1381 575 1428 Quis
618 1389 718 1418 vero
752 1378 909 1417 tertius
943 1388 1030 1416 una
1061 1377 1369 1426 progreditur?
1401 1378 1688 1416 Atheniensis
1722 1378 1830 1416 nulli
1863 1379 2098 1427 secundus,
2160 1367 2164 1370 ’

473 1456 590 1503 regio
633 1465 655 1493 e
696 1455 912 1502 sanguine
955 1455 1145 1502 creatus,
1189 1454 1407 1492 Pandion!
1444 1452 1528 1492 Cur
1559 1455 1708 1493 autem
1744 1464 1818 1493 eos
1851 1454 2100 1502 comitetur,

474 1541 561 1569 non
592 1530 721 1569 facile
754 1530 1005 1569 conieceris.
1039 1530 1139 1568 Fert
1172 1529 1383 1567 nimirum
1416 1529 1570 1568 Teucri
1603 1531 1780 1567 arcum!

777 1605 970 1643 Πανδίων
1007 1604 1184 1663 Τεύκροχ)
1211 1601 1327 1655 ’φέρε
1358 1604 1549 1654 καμπύλα
1581 1603 1698 1650 τόξαέ
1732 1606 1800 1649 (Μ
1828 1605 1927 1649 372)

531 1682 612 1720 Hic
645 1683 762 1720 certe
796 1681 1045 1720 exclamas:
1085 1678 1130 1729 „6
1164 1679 1323 1730 τοξότης
1356 1678 1488 1718 ἔοικεν
1521 1679 1568 1718 οὐ
1602 1679 1770 1730 σμικρὸν
1797 1681 2007 1730 φρουεῖν”,
2032 1681 2103 1727 qui

473 1768 622 1796 arcum
655 1760 754 1806 post
786 1768 832 1796 se
864 1758 976 1796 ferre
1002 1757 1149 1796 iubeat
1176 1757 1493 1796 Atheniensem
1521 1757 1615 1796 loco
1644 1756 1918 1795 nobilissimo
1934 1759 2104 1795 natum.

475 1833 556 1871 Sed
589 1834 688 1880 quid
721 1834 884 1872 Teucer
917 1834 1022 1882 ipse,
1057 1833 1222 1871 Teucer
1253 1833 1532 1881 sagittarius,
1568 1832 1736 1871 ferebat
1766 1834 1817 1870 ut
1851 1831 2043 1870 satellite
2069 1832 2108 1869 ei

474 1919 582 1956 opus
622 1909 770 1947 esset?
802 1909 984 1947 Frustra
1015 1909 1165 1956 rogas!
1200 1908 1385 1946 Prorsus
1416 1917 1776 1955 supervacaneus
1808 1907 2000 1945 Pandion
2032 1906 2106 1945 ille

474 1984 661 2032 videtur,
705 1984 776 2031 qui
818 1984 1079 2031 quantocius
1120 1983 1222 2022 hinc
1263 1983 1476 2022 facessat!
1512 1983 1569 2022 At
1601 1983 1715 2021 unde
1743 1983 1919 2031 irrepsit
1950 1992 2106 2021 versus

474 2058 562 2097 iam
595 2059 646 2097 ab
680 2059 937 2098 Aristarcho
965 2056 1338 2109 κατωβελισμένοςῗ)
1369 2058 1478 2107 „Der
1504 2058 1643 2097 Name
1670 2058 1865 2098 Pandion
1893 2059 2010 2107 zeigt
2036 2069 2105 2097 es:

474 2144 519 2172 er
551 2134 608 2172 ist
635 2135 731 2172 eine
759 2135 945 2173 attische
974 2134 1330 2183 interpolation''.
1359 2133 1550 2179 (Wilam.
1578 2134 1705 2173 Hom.
1733 2134 1912 2173 UnterS.
1931 2145 1970 2183 p.
1991 2135 2104 2179 245).

472 2210 595 2248 Itane
613 2211 746 2248 vero?
765 2210 1004 2249 exclamas.
1023 2211 1159 2248 Attici
1180 2210 1314 2258 igitur
1343 2210 1642 2249 clarissimum
1671 2220 1842 2259 regem,
1869 2210 2106 2249 dummodo

474 2286 516 2322 in
543 2285 677 2323 iliade
706 2285 850 2324 locum
877 2286 1076 2334 haberet,
1107 2285 1271 2324 Teucro
1299 2292 1349 2338 τῷ
1376 2284 1514 2338 τοξότῃ
1547 2286 1713 2324 servire
1746 2285 1940 2334 perpessi
1971 2287 2106 2324 sunt?

475 2359 557 2397 Vix
604 2360 804 2399 credibile
854 2361 1038 2399 videtur.
1087 2362 1146 2399 At
1186 2361 1249 2399 sic
1290 2360 1524 2399 voluerunt
1556 2361 1869 2409 Eurysacidae,
1904 2361 1977 2408 qui
2007 2362 2106 2409 post-

474 2434 740 2473 Salaminem
784 2438 958 2484 captam
1000 2436 1186 2475 Athenis
1219 2446 1383 2484 magna
1414 2436 1552 2484 gloria
1583 2436 1859 2475 fruebantur!
1897 2436 2105 2475 Talemne

474 2510 607 2557 igitur
654 2512 896 2558 potentiam
939 2512 1195 2550 obtinebant
1230 2512 1529 2560 Eurysacidae
1561 2513 1605 2550 in
1637 2513 1761 2561 urbe,
1796 2523 1879 2560 quo
1911 2512 2105 2550 advenae

475 2586 717 2632 venissent,
765 2588 813 2624 ut
854 2592 932 2624 τῶν
965 2586 1230 2637 αὐτοχθόνων
1272 2598 1441 2637 regem,
1477 2598 1563 2626 non
1597 2588 1718 2626 heroi
1750 2598 1828 2626 suo
1865 2597 2101 2635 eponme

473 2659 548 2698 sed
575 2660 739 2698 Teucro
766 2662 975 2700 serviisse
1004 2673 1157 2702 canere
1185 2664 1395 2711 possent?
1423 2664 1564 2711 Atque
1591 2663 1633 2701 id
1661 2673 1762 2701 cum
1791 2662 1987 2702 Pandion
2009 2662 2104 2711 ipsa

473 2736 517 2773 in
545 2744 641 2773 arce
674 2732 801 2787 ἡρῷον
831 2738 1073 2784 possideret
1102 2739 1245 2783 (Paus.
1276 2739 1314 2787 I,
1345 2740 1389 2787 5,
1409 2740 1435 2776 4
1455 2739 1507 2777 cf.
1526 2738 1702 2776 Iudeich
1721 2738 1902 2786 Topogr.
1922 2748 1960 2786 p.
1982 2738 2100 2786 255),

473 2810 634 2848 Teucer
681 2812 833 2848 contra
879 2821 932 2849 ne
980 2815 1178 2852 statuam
1221 2814 1397 2860 quidem
1440 2813 1674 2852 habuerit?
1716 2813 1945 2852 Monemus
1976 2813 2102 2851 inter-

471 2886 713 2933 polatorem
746 2895 875 2924 versu
912 2888 964 2923 M
990 2888 1073 2926 372
1108 2889 1320 2928 maluisse
1352 2888 1589 2927 Pandionis
1622 2888 1808 2936 gloriam
1841 2889 2101 2937 detrectare,

471 2969 600 3006 quam
628 2960 748 2998 illam
776 2960 927 2999 Teucri
956 2972 1126 3010 augere.
1158 2964 1385 3012 Malu1sse,
1415 2965 1461 3002 at
1486 2973 1571 3002 non
1600 2965 1814 3013 potuisse,
1843 2974 1946 3002 nam
1965 2964 2102 3011 siquis

468 3034 579 3072 alius
608 3035 799 3073 Pandion
827 3037 939 3083 apud
968 3039 1168 3084 posteros
1198 3040 1317 3078 cultu
1345 3039 1505 3078 floruit.
1536 3039 1670 3087 „Dem
1700 3039 1942 3078 Andenken
1960 3039 2102 3078 dieses
