2141 3487
775 327 829 354 DE
861 327 1006 356 Aeriss.
1657 320 1709 356 37

74 442 267 480 fabulam
325 440 623 488 excogitatam
682 450 779 479 esse
827 451 851 479 a
901 441 1173 489 mythologis
1221 442 1397 490 Argivis
1444 441 1717 480 contenderit

78 517 354 565 Chavannes,
384 516 602 566 homines,
633 517 706 564 qui
733 518 833 564 post
861 517 1035 555 Troiam
1066 526 1266 555 eversam
1289 517 1432 556 locum
1451 516 1711 565 habitarint,

77 596 226 632 notam
269 591 351 630 sibi
392 592 597 631 habuisse
635 592 812 631 Troiani
846 592 1025 641 palladii
1059 593 1251 631 formam
1286 593 1410 632 docet
1440 595 1533 632 tam
1566 592 1715 641 proba-

74 669 221 708 bilitas
263 670 305 706 et
347 667 640 715 palladiorum
682 678 788 706 usus
831 668 1086 715 divulgatus
1131 678 1263 715 quam
1307 669 1523 707 Troianus
1555 667 1713 707 sacrifi-

77 744 202 783 candi
243 754 339 783 mos
371 744 618 793 peculiaris.

134 819 215 858 Hic
260 830 428 867 quoque
475 819 591 858 inter
628 830 699 858 res
741 820 783 858 in
829 821 860 856 Z
902 819 1146 868 descriptas
1186 821 1230 859 et
1262 820 1551 859 veterrimum
1585 820 1711 858 sacri-

73 894 230 934 ficandi
268 906 437 934 morem
472 895 726 944 Troianum,
763 895 937 934 aliunde
970 895 1098 934 nobis
1131 897 1309 945 notum,
1344 897 1510 945 exstat,
1542 896 1580 934 si
1612 896 1713 943 quid

73 972 215 1021 video,
259 972 371 1010 mira
413 971 719 1019 discrepantia.
764 972 874 1009 Nam
921 972 993 1010 ubi
1025 972 1205 1011 Hecuba
1237 973 1457 1011 Minervae
1488 973 1533 1010 in
1560 972 1713 1011 aedem

75 1047 195 1086 venit
216 1069 266 1074 —
287 1057 440 1086 verum
467 1047 686 1095 templum
714 1046 797 1085 sibi
824 1046 1008 1086 finxisse
1036 1050 1213 1096 poetam
1239 1049 1364 1087 docet
1379 1058 1534 1087 versus
1553 1050 1585 1085 Z
1604 1048 1711 1086 298:

75 1128 164 1177 τῇσι
194 1122 328 1174 θύρας
362 1121 450 1169 ὤιξε
486 1120 624 1160 Θεανὼ
657 1121 927 1176 καλλιπάρῃος
964 1146 1014 1150 -
1050 1123 1281 1171 pollicetur

800 1198 874 1237 δύο
907 1196 975 1236 καὶ
1009 1196 1105 1237 δέκα
1137 1199 1237 1249 βοῦς
1269 1198 1328 1238 ἐνὶ
1362 1206 1444 1253 νηῷ

371 1272 515 1324 ἤνιδας
547 1271 716 1324 ἠκέστας
749 1272 988 1325 ἱερευσέμεν.

136 1350 438 1389 Mactabantur
479 1351 625 1400 igitur,
669 1352 845 1399 poetam
889 1351 927 1389 si
969 1351 1211 1401 sequimur,
1255 1352 1349 1401 ipso
1383 1353 1426 1390 in
1458 1351 1647 1400 templo;
1682 1352 1719 1389 si

78 1437 221 1466 coram
254 1427 330 1465 dea
362 1426 509 1477 fiebat,
544 1428 641 1476 ipsa
672 1427 716 1466 in
751 1427 860 1466 cella
890 1428 1006 1466 tecto
1039 1428 1266 1476 adoperta.
1301 1428 1407 1477 Quid
1435 1438 1537 1467 vero
1565 1428 1723 1466 docent

80 1503 251 1541 nummi
292 1503 510 1542 Ilienses?
552 1504 602 1541 In
635 1503 836 1542 arborem
879 1504 1070 1553 palladio
1104 1505 1350 1553 oppositam
1385 1504 1521 1543 boves
1553 1503 1721 1542 attolle-

77 1579 249 1628 bantur,
283 1579 439 1618 deinde
472 1579 524 1618 ab
557 1579 734 1619 homine
768 1580 907 1618 cultro
936 1581 1108 1618 armato
1136 1581 1180 1618 in
1208 1580 1360 1620 arbore
1388 1581 1569 1619 sedente
1596 1589 1718 1619 neca·

77 1654 237 1693 bantur
268 1655 439 1703 mugitu
472 1665 551 1694 suo
584 1655 765 1694 caelites
798 1656 923 1703 quasi
957 1656 1237 1695 advocantes.
1272 1656 1409 1706 (Ilion,
1442 1655 1644 1705 Dorpfeld
1677 1656 1719 1694 II

73 1731 193 1780 [Bell.
221 1731 276 1770 63
304 1728 378 1771 ΝΟ.
408 1732 482 1781 68,
514 1731 599 1776 69).
630 1731 810 1780 Qualem
840 1732 976 1770 ritum
1005 1732 1184 1781 respicit
1212 1732 1335 1771 Plato
1363 1732 1519 1771 Critias
1550 1733 1631 1771 119
1659 1731 1714 1770 Ε;

75 1803 149 1856 „311
181 1803 223 1846 δὲ
255 1805 382 1845 ἕλοιεν
414 1812 492 1845 τῶν
524 1807 685 1858 ταύρων
716 1806 816 1859 πρὸς
843 1805 916 1857 τὴν
945 1807 1093 1858 στήλην
1118 1807 1441 1860 προσαγαγόντες
1467 1806 1568 1846 κατὰ
1594 1822 1714 1859 κορυ-

71 1881 158 1933 φὴν
189 1881 312 1933 αὐτῆς
343 1881 581 1932 ἐ’σφαττον.”

132 1960 228 2010 Est,
255 1961 366 2008 quod
395 1960 446 1999 ab
476 1960 678 1999 Troianis
707 1962 892 1999 vocatur
919 1961 963 1999 in
993 1961 1181 2008 quodam
1209 1961 1402 2010 decreto,
1429 1957 1711 2010 ἡνομιζομένη

73 2034 138 2074 καὶ
169 2035 333 2087 πάτριος
365 2034 494 2074 θυσία
528 2036 701 2082 (Michel
728 2036 905 2075 Recueil
933 2037 1057 2084 525);
1087 2035 1360 2075 sacrificandi
1388 2037 1546 2076 modus
1562 2046 1711 2086 peran-

71 2112 219 2159 tiquus
244 2111 427 2150 latitans
457 2112 502 2150 in
530 2111 688 2150 umbra
716 2113 968 2159 temporum
997 2112 1414 2161 praeterlapsorum,
1444 2114 1573 2160 atque
1599 2112 1712 2150 hanc

72 2187 124 2226 ob
166 2197 345 2226 oausam
389 2197 414 2226 a
454 2187 652 2236 Platone,
698 2186 772 2225 ubi
816 2187 866 2225 de
910 2187 1134 2226 Atlantide
1168 2188 1277 2237 agit,
1313 2188 1451 2226 veluti
1484 2188 1535 2227 de
1568 2187 1712 2237 prisca

75 2263 270 2312 civitate,
304 2263 407 2302 data
438 2273 568 2312 opera
599 2264 713 2302 inter
746 2264 1084 2303 consuetudines
1116 2264 1268 2304 relata.

131 2338 377 2378 Palladium
414 2339 549 2387 igitur
593 2350 671 2387 quo
706 2343 921 2388 praesente
965 2340 1099 2379 boves
1140 2340 1487 2380 immolabantur
1513 2342 1588 2380 sub
1622 2341 1713 2380 divo

69 2414 250 2453 stetisse
279 2413 519 2453 verisimile
548 2416 633 2463 est,
662 2415 849 2454 minime
878 2426 995 2465 vero,
1026 2417 1075 2454 ut
1103 2426 1258 2455 versus
1287 2419 1318 2454 Z
1346 2417 1430 2455 298
1449 2427 1540 2464 sqq.
1559 2417 1714 2456 docere

75 2490 292 2539 videntur,
335 2489 411 2528 sub
447 2490 561 2528 aedis
591 2490 770 2529 alicuius
802 2493 910 2530 tecto.
945 2492 1012 2530 An
1046 2493 1132 2541 est,
1169 2492 1242 2540 qui
1275 2493 1471 2531 conferat
1503 2492 1716 2531 Herodoti

72 2565 216 2604 locum
264 2566 382 2614 VIII,
429 2566 505 2605 55:
552 2564 659 2615 ,,ἐ’στι
701 2564 744 2604 ἐν
786 2573 833 2621 τῇ
877 2565 1072 2617 ἀκροπόλι
1113 2567 1230 2618 νηός,
1273 2566 1315 2606 ἐν
1348 2575 1399 2622 τῷ
1433 2566 1544 2618 ἐλαίη
1577 2582 1616 2606 τε
1646 2565 1715 2606 καὶ

71 2639 258 2678 θάλασσα
299 2639 402 2690 ἐ’νι”,
446 2641 509 2680 ita
541 2643 590 2680 ut
622 2641 733 2680 cella
767 2643 810 2680 et
842 2642 968 2681 arbor
1001 2644 1127 2682 stans
1159 2644 1238 2682 sub
1272 2644 1372 2683 divo
1404 2644 1448 2682 in
1482 2646 1514 2681 Z
1546 2654 1714 2691 quoque

73 2716 374 2764 reperiantur?
421 2717 479 2755 At
526 2716 655 2755 arbor
699 2717 988 2756 Atheniensis
1029 2729 1157 2758 sacra
1202 2721 1296 2758 erat
1336 2720 1449 2771 ipsa,
1493 2729 1580 2758 non
1623 2719 1717 2758 erat

74 2791 389 2831 adminiculum
421 2792 533 2839 quod
566 2792 703 2831 cultui
736 2792 1016 2833 inserviebat.

131 2867 504 2914 Antiquissimum
551 2868 683 2916 igitur
732 2868 868 2907 ritum
908 2870 1052 2908 aetate
1094 2870 1303 2909 historica
1343 2870 1536 2909 nondum
1577 2869 1715 2908 fuisse

72 2942 414 2982 intermortuum
453 2944 611 2983 docent
653 2945 828 2982 nummi
866 2955 1000 2993 supra
1031 2945 1213 2985 laudati.
1246 2947 1340 2985 Hoc
1372 2947 1466 2994 ipso
1499 2945 1610 2994 loco,
1645 2944 1718 2982 ubi

74 3027 189 3065 nunc
233 3018 513 3070 habitabant,
561 3019 796 3068 aliquando
841 3019 925 3058 alio
967 3021 1096 3060 modo
1138 3020 1436 3062 sacrificatum
1480 3029 1578 3060 esse
1610 3019 1715 3061 deae
