2200 3487
679 912 848 1000 DE
916 911 1332 1003 AIACE.

874 1122 936 1151 Ich
960 1122 1052 1152 halte
1075 1121 1163 1159 jetzt
1187 1121 1243 1152 die
1270 1121 1414 1152 Ansicht
1435 1123 1516 1152 dass
1539 1121 1619 1152 Aias
1640 1123 1717 1154 eine
1739 1126 1809 1154 rein

831 1175 1062 1205 dichterische
1090 1175 1291 1213 Schopfung
1316 1175 1407 1205 ohne
1431 1175 1648 1212 mythischeu
1674 1177 1811 1206 Hinter-

830 1227 942 1265 grund
977 1226 1027 1257 sei
1063 1227 1202 1265 (Gesch.
1236 1228 1267 1257 d.
1300 1228 1366 1258 Ait.
1397 1228 1432 1258 ΙΙ
1457 1230 1472 1265 ξ
1501 1230 1574 1265 132,
1601 1231 1691 1267 160),
1716 1231 1812 1259 nicht

830 1281 929 1310 mehr
961 1281 1016 1310 fiir
1048 1281 1183 1319 richtig,
1209 1281 1357 1311 sondern
1381 1281 1519 1319 glaube,
1543 1282 1623 1311 dass
1647 1283 1733 1312 auch
1757 1283 1811 1313 die

829 1334 1111 1372 Sagengestalten
1134 1334 1194 1363 der
1210 1334 1335 1363 beiden
1347 1335 1425 1364 Aias
1438 1335 1684 1373 urspriinglich
1698 1337 1809 1365 einem

832 1388 953 1418 Cultus
978 1390 1220 1418 entstammen.

1236 1466 1298 1495 Ei).
1324 1466 1458 1500 Mmmz,
1486 1466 1632 1495 Hermes
1656 1465 1720 1494 ⁹95.

480 1644 519 1686 I.
552 1645 618 1687 De
651 1643 809 1687 Aiacis
841 1635 1053 1700 ἁτρωσίᾳ
1087 1642 1208 1697 apud
1240 1642 1515 1686 Pindarum.

244 1801 435 1840 Aloisius
476 1801 622 1840 Rzach
665 1812 764 1840 cum
812 1803 912 1841 ante
956 1803 1163 1849 quattuor
1195 1811 1332 1840 annos
1365 1801 1543 1840 Hesiodi
1576 1801 1812 1840 editionem

186 1877 397 1916 maiorem
441 1878 606 1926 ederet,
651 1878 695 1915 in
737 1877 997 1925 fragmentis
1025 1877 1306 1925 disponendis
1338 1887 1363 1914 a
1394 1876 1562 1924 Magnis
1592 1876 1719 1915 Eoeis
1752 1877 1813 1915 di-

185 1952 340 1990 stinxit
370 1951 624 2000 Gatalogum
669 1963 767 1992 cum
802 1953 1015 1992 Eoearum
1048 1952 1254 2000 reliquiis.
1289 1952 1435 2000 Neque
1467 1953 1626 1991 iniuria
1656 1953 1812 1992 fecisse

188 2028 370 2075 videtur,
402 2028 505 2066 licet
535 2029 776 2067 intricatior
808 2029 866 2067 sit
893 2029 1110 2076 quaestio,
1141 2028 1193 2066 de
1211 2038 1304 2086 *qua
1332 2029 1441 2066 satis
1459 2028 1813 2068 habebimuslec-

184 2104 301 2142 tores
334 2104 494 2142 referre
527 2105 578 2143 ad
612 2114 679 2153 ea,
713 2115 822 2152 quae
850 2105 942 2152 ipse
970 2104 1117 2142 Rzach
1135 2104 1178 2141 in
1212 2104 1405 2142 medium
1434 2104 1536 2142 tulit
1561 2114 1728 2143 necnon
1758 2106 1808 2143 ad

186 2178 342 2217 Leonis
369 2179 584 2218 Hesiodea
614 2180 658 2218 in
692 2180 824 2219 Indic.
859 2182 968 2219 aest.
1003 2180 1118 2218 Gott.
1153 2180 1269 2218 edita
1302 2190 1415 2218 anno
1453 2180 1578 2219 1894.

247 2255 572 2293 Annumeratur
600 2257 746 2293 autem
776 2255 943 2303 Magnis
971 2255 1039 2293 his
1063 2255 1187 2294 Eoeis
1214 2255 1530 2304 fragmentum,
1560 2257 1672 2302 quod
1690 2266 1811 2295 accu-

186 2330 324 2368 ratius
365 2341 458 2369 rem
501 2331 831 2378 inspicientibus
862 2331 1046 2379 iustam,
1082 2331 1124 2368 ni
1158 2330 1365 2379 fallimur,
1399 2331 1593 2369 movebit
1624 2332 1813 2370 miratio-

186 2415 300 2444 nem.
336 2406 417 2444 Sed
451 2415 549 2444 cum
582 2407 766 2454 petitum
801 2407 859 2444 sit
892 2416 914 2444 e
946 2405 1111 2445 scholio
1144 2407 1196 2444 ad
1230 2406 1402 2444 Pindari
1435 2407 1591 2445 Isthm.
1626 2406 1702 2455 VI,
1737 2408 1811 2456 53,

187 2482 383 2529 praestat
414 2481 466 2519 ab
494 2482 587 2529 ipso
620 2482 796 2520 Pindari
829 2484 1090 2530 argumento
1123 2483 1298 2520 initium
1332 2482 1489 2521 facere.

245 2556 527 2595 Telamonem
584 2557 852 2595 invitaturus
905 2557 1116 2596 Troianae
1165 2558 1457 2606 expeditionis
1504 2559 1721 2606 particeps
1767 2560 1815 2597 ut

187 2631 263 2670 fiat
299 2631 567 2670 Salaminem
600 2633 722 2670 venit
754 2632 979 2671 Hercules.
1013 2633 1156 2671 Intrat
1189 2633 1367 2671 domum
1401 2633 1473 2671 ubi
1505 2634 1679 2672 heroem
1715 2644 1813 2672 cum

188 2708 342 2747 amicis
388 2708 638 2757 epulantem
684 2708 877 2747 offendit.
922 2708 1082 2747 Statim
1124 2709 1324 2757 poculum
1371 2719 1476 2748 auro
1519 2712 1721 2748 ornatum
1763 2709 1814 2747 ab

186 2783 358 2832 hospite
377 2784 415 2822 ei
433 2784 681 2833 porrigitur,
711 2794 794 2831 quo
823 2785 1014 2833 accepto,
1044 2784 1205 2832 pellem
1237 2784 1476 2833 leoninam,
1512 2795 1595 2832 qua
1626 2785 1814 2823 amictus

186 2859 449 2911 intraverat,
479 2860 672 2898 humeris
700 2860 835 2898 etiam
866 2861 961 2897 tum
988 2861 1168 2907 gestans
1194 2863 1375 2907 rogatus
1399 2860 1550 2908 incipit
1568 2860 1646 2898 has
1664 2870 1814 2908 preces

188 2934 429 2973 solemnes:
476 2935 710 2983 „Iuppiter,
751 2935 922 2973 utinam
955 2934 1237 2973 Telamonem
1273 2935 1386 2974 dites
1417 2934 1505 2974 filio
1537 2936 1630 2973 tam
1663 2936 1758 2972 tuto
1792 2945 1817 2972 a

190 3008 461 3059 vulneribus,
516 3020 646 3058 quam
691 3010 871 3049 Nemaei
912 3010 1050 3048 leonis
1093 3012 1198 3048 sunt
1228 3011 1432 3059 exuviae,
1468 3021 1577 3058 quae
1610 3010 1816 3048 humeros

191 3092 312 3122 meos
344 3086 491 3132 tegere
520 3085 713 3124 solent!”
743 3085 864 3124 Talia
890 3086 1084 3134 precanti
1112 3085 1303 3134 Iuppiter
1331 3086 1521 3133 aquilam
1549 3085 1706 3132 mittit,
1735 3094 1817 3131 quo

263 3152 451 3182 vamum.
1692 3154 1706 3181 1
