2200 3487
482 334 560 371 132
1172 346 1224 373 DE
1258 347 1399 374 ΛΙΛΟΕ.

469 461 571 499 licet
601 456 716 510 ἄγεθ’
751 459 880 509 ἱλήκοι
912 460 1082 498 defendi
1108 463 1308 507 nequeat.
1338 462 1552 500 Praebent
1579 462 1668 501 cod.
1695 464 1722 500 S
1751 465 1794 501 et
1820 462 2086 510 Thucydidis

470 535 638 574 codices
671 534 872 573 meliores
904 534 997 573 loco
1030 535 1262 574 notissimo
1295 537 1375 584 HI,
1415 537 1524 574 104:

769 607 845 647 ἀλλ’
884 608 953 660 ἄγε
985 606 1029 647 θ’
1065 609 1195 659 ἱλήκοι

469 686 541 724 ubi
572 682 610 723 θ’
648 697 701 724 ne
733 686 835 724 ferri
867 685 1044 732 quidem
1077 687 1236 733 potest.

528 762 677 800 Nonne
709 760 941 807 legendum
974 754 1070 809 ἧμιν
1101 760 1292 814 Λῑιλήκῃσι
1325 763 1367 799 et
1398 758 1466 811 ἄγε
1497 760 1692 811 fanium?

528 837 766 874 Videamus
795 848 823 872 π
860 836 940 873 184
975 836 1016 873 et
1046 850 1069 885 γ
1102 836 1213 873 38οε

767 906 845 947 ἀλλ’
881 906 1009 959 ἵληθ’,
1042 909 1108 947 ἵνα
1139 925 1199 948 τοι
1230 908 1491 961 κεχαρισμένα
1525 911 1679 961 δώομεν
1710 911 1787 962 ἱρά.

764 984 861 1023 ἀλλὰ
891 982 1065 1023 foivaoo'
1104 985 1234 1035 ἵληθι,
1262 985 1408 1024 δίδωθι
1440 985 1483 1025 δέ
1515 1002 1581 1036 μοι
1612 986 1723 1034 κλέος
1757 986 1918 1026 ἐσθλόν.

524 1062 766 1101 Dummodo
799 1063 889 1100 iota
922 1061 1176 1109 corripiatur
1207 1062 1293 1110 legi
1325 1064 1493 1110 potest:

762 1135 859 1174 ἀλλὰ
889 1133 1032 1187 ,Ρίληθ’
1068 1139 1111 1176 et
1142 1135 1240 1175 ἀλλὰ
1270 1137 1460 1175 Ῐάνασσα
1490 1137 1647 1188 flavet.

523 1214 604 1251 Pro
637 1213 757 1252 brevi
791 1215 1047 1252 numeratur
1078 1213 1168 1252 iota
1199 1213 1320 1251 verbi
1353 1213 1564 1263 ἱλάσκομαι
1596 1216 1803 1262 quattuor
1835 1214 1970 1253 locis:

698 1291 729 1325 B
761 1290 869 1328 550:
905 1287 1008 1326 ἔνθα
1042 1287 1084 1327 δέ
1116 1304 1184 1339 μιν
1216 1289 1398 1340 ταύροισι
1429 1287 1495 1327 καὶ
1527 1286 1717 1340 ἀρνειοῖσ’
1752 1289 1942 1328 ἱλάονται.

693 1367 728 1401 A
764 1366 868 1403 147:
904 1361 990 1415 ὄφρ’
1027 1359 1122 1414 ἧμιν
1153 1364 1405 1416 ,Ρεκάῐεργον
1437 1365 1614 1403 ἱλάσσεαι
1646 1364 1730 1416 ἱερὰ
1763 1363 1887 1416 ῥέξας.

694 1443 730 1477 Α
770 1441 871 1478 ΙΟΟῖ
907 1438 944 1486 ἐς
978 1440 1158 1491 Χρύσην·
1191 1440 1275 1479 τότε
1307 1439 1374 1479 κέν
1407 1456 1474 1491 μιν
1507 1440 1763 1491 ἱλασσάμενοι
1795 1440 2051 1490 πεπίθοιμεν.

462 1516 622 1562 Hymn.
658 1516 784 1563 XXI,
822 1518 870 1554 5:
904 1513 970 1552 καὶ
1003 1514 1051 1553 σὺ
1080 1513 1151 1565 μὲν
1185 1516 1287 1554 οὕτω
1320 1519 1446 1567 χαῖρε,
1476 1516 1628 1565 Ἑάναξ,
1660 1515 1796 1564 ἵλαμαι
1829 1513 1872 1553 δέ
1899 1511 2066 1569 σ’ἀοιδῇ.

521 1591 629 1639 Quid
661 1591 825 1638 igitur?
869 1591 1080 1630 Omnibus
1111 1591 1235 1641 locis,
1271 1591 1426 1639 quibus
1459 1593 1638 1631 exstant
1669 1592 1712 1630 in
1746 1591 1938 1630 carmine
1973 1591 2093 1639 epico

459 1667 625 1705 formae
654 1667 774 1705 verbi
801 1666 926 1716 ἴλημι,
956 1667 1179 1715 digamma
1207 1668 1380 1706 restitui
1408 1669 1550 1716 potest
1578 1689 1629 1694 ——
1661 1668 1726 1705 vel
1751 1667 1891 1706 debet.
1910 1666 2091 1705 Cunctis

460 1743 580 1781 hisce
611 1742 720 1781 locis
752 1743 982 1781 invocatur
1013 1742 1129 1781 Deus
1161 1743 1333 1791 Apollo.

520 1819 577 1856 At
619 1817 829 1866 ἱλάσκομαι
870 1818 1093 1865 digamma
1133 1828 1351 1865 nusquam
1395 1819 1603 1857 admittit.
1647 1819 1815 1856 Fierine
1858 1819 2002 1865 potest
2045 1819 2093 1856 ut

460 1892 641 1931 verbum
668 1892 794 1942 ἴλημι,
825 1893 1029 1939 quoniam
1058 1893 1234 1941 saepius
1262 1904 1359 1931 cum
1388 1893 1586 1942 Apolline
1614 1900 1663 1946 τῷ
1690 1891 1793 1930 Ῐιλέι
1812 1893 2092 1931 coniunctum

459 1969 742 2017 inveniretur,
794 1969 1079 2017 digammatis
1126 1969 1312 2017 vestigia
1359 1969 1562 2017 servarit,
1612 1968 1714 2007 licet,
1755 1969 1862 2006 haec
1902 1967 2030 2006 litera
2071 1979 2093 2007 e

460 2044 592 2082 verbo
625 2043 836 2093 ἱλάσκομαι
868 2054 1046 2092 prorsus
1080 2045 1367 2083 evanuisset?

521 2119 640 2158 Haec
687 2130 788 2158 vero
838 2119 1035 2166 quaestio
1079 2120 1322 2158 dirimenda
1365 2121 1433 2158 est
1475 2121 1710 2166 antequam
1753 2119 1932 2167 Gruppii
1963 2119 2092 2157 inter-

461 2195 703 2242 pretatione
751 2194 914 2242 „faisfig
958 2196 1153 2233 Siihner’'
1198 2195 1379 2241 reiecta,
1415 2195 1551 2243 accipi
1582 2195 1723 2243 possit
1754 2205 1917 2233 novum
1951 2192 2095 2244 ἔτυμον

463 2280 487 2307 a
515 2270 638 2308 nobis
668 2270 917 2309 dubitanter
944 2271 1238 2319 propositum:
1271 2269 1493 2318 ,,Άπόλλων
1519 2270 1657 2316 ,Ριλεύς
1684 2269 1920 2319 significat:
1940 2269 2093 2318 Apollo

462 2345 724 2393 Propitius'’.
771 2346 942 2394 Itaque,
983 2347 1031 2384 ut
1062 2345 1315 2393 plerumque
1347 2345 1395 2384 fit
1428 2346 1471 2384 in
1503 2345 1832 2393 quaestionibus
1863 2345 2097 2384 homericis

465 2420 798 2470 perpendendis,
848 2420 982 2459 finem
1031 2421 1217 2459 facimus
1258 2422 1471 2468 rogando:
1515 2419 1556 2459 ἐν
1597 2419 1671 2472 γὰρ
1713 2420 1886 2459 κλύδωνι
1928 2417 2095 2470 κείμεθ’,

465 2494 595 2544 ὥσπερ
630 2490 752 2533 οἶσθα
787 2496 836 2534 σύ
851 2498 858 2534 ἶ
