2200 3487
434 333 514 370 128
1124 344 1177 370 DE
1210 344 1352 372 Δ11111011.

426 456 591 494 Troade
622 465 785 504 paucae
821 456 999 494 solvunt
1030 457 1219 504 pretium
1252 467 1326 505 pro
1358 457 1562 496 omnibus
1593 457 1661 495 vel
1696 457 1787 495 vita
1822 456 1890 495 vel
1927 467 2053 496 sacra

426 532 716 579 servitudine,
766 532 808 569 in
857 531 1024 569 Daunia
1066 532 1221 570 mortis
1262 534 1407 571 metus
1450 532 1591 581 abest,
1636 532 1711 570 sed
1744 532 1891 580 plures
1922 533 2050 571 servi-

428 608 540 646 tium
574 613 650 645 τῶν
683 606 924 657 ἱεροδούλων
957 607 1158 646 subeunt.

1046 918 1153 961 XX.
1193 919 1260 961 De
1293 917 1437 961 01100.

482 1061 530 1098 In
578 1059 662 1098 fine
706 1061 1015 1109 disputationis
1060 1062 1337 1099 revertamur
1379 1061 1432 1098 ad
1474 1070 1635 1099 nomen
1670 1060 1796 1109 Oilei,
1832 1060 1930 1100 Orci
1962 1059 2041 1098 filii

426 1136 572 1174 Aiacis
604 1136 756 1183 patris.

486 1211 684 1249 Vidimus
732 1212 812 1249 hoc
854 1221 1012 1250 nomen
1057 1211 1233 1259 saepius
1277 1212 1465 1250 inveniri
1507 1211 1588 1249 sub
1620 1211 1762 1250 forma
1794 1211 1890 1260 Ilei,
1924 1221 2054 1259 quam

425 1287 675 1325 Zenodotus
720 1286 786 1325 vel
835 1286 1016 1324 Homeri
1058 1287 1101 1324 in
1145 1287 1340 1325 carmina
1383 1287 1659 1326 introducere
1692 1286 1870 1325 volebat
1902 1286 2059 1332 (Schol.

427 1363 469 1399 N
499 1363 597 1409 694,
633 1362 730 1409 697,
768 1363 880 1407 712).
917 1361 1024 1410 Quid
1059 1362 1139 1401 hoc
1171 1362 1223 1400 de
1257 1362 1376 1400 Oileo
1410 1362 1534 1400 nobis
1567 1363 1789 1401 innotuit?

483 1438 618 1476 Filius
660 1437 745 1475 fuit
788 1437 1035 1476 Hodoedoci
1076 1438 1103 1476 i.
1132 1448 1168 1476 e.
1204 1438 1301 1476 Orci
1344 1438 1561 1482 (Eustath.
1598 1438 1651 1476 ad
1687 1439 1717 1475 B
1751 1439 1865 1484 531).
1900 1439 2060 1478 Narrat

424 1513 640 1552 Hesiodus
669 1513 734 1558 (fr.
759 1514 839 1552 116
859 1513 952 1558 ΒΖ.)
986 1513 1254 1561 Apollinem.
1274 1513 1428 1551 Troiae
1458 1523 1556 1551 cum
1586 1512 1836 1552 aedificaret
1857 1515 2058 1563 moenia,

423 1600 516 1627 rem
558 1589 764 1627 habuisse
798 1599 898 1627 cum
933 1590 1128 1638 nympha
1161 1590 1367 1638 quadam,
1403 1599 1515 1637 quae
1548 1588 1660 1635 ἵλεως
1693 1600 1793 1629 eum
1829 1591 2060 1639 acciperet.

422 1665 587 1704 Idcirco
621 1665 838 1713 Apollinis
871 1665 993 1703 iussu
1026 1664 1165 1704 filium
1199 1675 1254 1703 ex
1287 1675 1337 1703 ea
1369 1668 1524 1704 natum
1557 1675 1718 1704 nornen
1747 1666 1939 1713 gessisse
1966 1665 2059 1704 Ilei.

654 1737 772 1787 Ἰλέα,
803 1739 871 1778 τόν
905 1737 941 1791 ῥ’
978 1738 1141 1790 ἐφίλησε
1173 1740 1304 1786 ,Ράναξ
1339 1739 1435 1787 Διὸς
1467 1739 1553 1787 υἱὸς
1587 1741 1804 1789 Ἀπόλλων,

658 1815 727 1853 καί
755 1816 825 1854 foa
856 1812 958 1853 τοῦτ’
994 1812 1156 1865 ὅνόμην’
1195 1813 1303 1865 ὄνομ’
1340 1815 1525 1866 ἔμμεναι,
1562 1816 1708 1855 οὕνεκα
1740 1817 1909 1866 νύμφην

659 1890 873 1940 εὑρόμενος
906 1889 1022 1928 ἵλεων
1055 1890 1202 1941 μείχθη
1237 1888 1354 1945 ἐρατῇ
1387 1890 1566 1941 φιλότητι

659 1964 779 2016 ἤματι
811 1971 884 2018 τῷ,
916 1964 978 2003 ὅτε
1010 1968 1134 2015 τεῖχος
1166 1964 1380 2015 ἐυδμήτοιο
1413 1966 1563 2016 πόληος

657 2041 818 2092 ὑψηλὸν
850 2042 992 2091 ποίησε
1027 2042 1265 2080 Ποσειδάων
1297 2041 1364 2080 καὶ
1402 2042 1606 2081 Ἀπόλλων.

479 2118 680 2156 Narratio
713 2118 824 2156 satis
857 2117 1033 2166 frigida,
1068 2118 1143 2156 sed
1177 2118 1252 2156 illa
1279 2118 1329 2156 de
1357 2118 1503 2157 Ulixis
1530 2118 1721 2157 nominis
1748 2119 1914 2167 origine
1941 2120 2054 2167 apud

420 2194 662 2232 Homerum
707 2193 774 2231 vel
815 2193 889 2231 illa
928 2193 979 2232 de
1013 2193 1132 2231 Ionis
1165 2194 1342 2232 nomine
1377 2194 1490 2242 apud
1522 2194 1773 2242 Euripidem
1807 2194 1921 2232 haud
1954 2194 2054 2232 ieiu-

420 2270 527 2308 nior.
561 2270 754 2308 Amabat
786 2269 957 2308 scilicet
988 2269 1097 2307 talia
1129 2269 1355 2317 ingenium
1389 2279 1608 2316 graecum.

480 2346 573 2383 Iam
617 2345 770 2383 Graeci
812 2355 976 2383 nexum
1013 2345 1233 2391 quendam
1266 2345 1380 2383 inter
1412 2345 1542 2382 Ilium
1576 2346 1619 2383 et
1650 2344 1855 2390 (O)ileum
1887 2345 2051 2393 quaesi-

423 2421 539 2459 visse
588 2421 803 2458 videntur.
847 2420 957 2458 Nam
1001 2420 1102 2458 licet
1145 2420 1442 2467 fragmentum
1476 2430 1562 2458 non
1594 2419 1754 2458 iniuria
1784 2420 1949 2469 puerile
1983 2431 2051 2458 vo·

421 2497 556 2547 cetur,
599 2495 899 2542 intellegimus
942 2495 982 2533 id
1028 2496 1222 2534 voluisse
1254 2497 1451 2543 poetam,
1485 2506 1507 2533 e
1539 2496 1737 2543 nympha
1769 2495 1820 2533 ab
1853 2494 2053 2543 Apolline

422 2572 570 2609 amata
602 2571 799 2618 genitum
834 2580 931 2609 esse
964 2571 1158 2618 heroem,
1195 2571 1284 2618 qui,
1320 2581 1420 2609 cum
1454 2571 1535 2609 sub
1563 2570 1703 2618 ipsius
1729 2570 1798 2608 Ilii
1824 2570 2054 2609 moenibus

423 2649 540 2686 esset
572 2648 723 2693 natus,
758 2656 812 2684 ex
845 2647 964 2684 urbis
997 2647 1173 2685 nomine
1205 2647 1575 2684 denominaretur.
1608 2646 1788 2694 Antiqui
1816 2644 1887 2695 τὴν
1915 2644 2051 2694 ἐτυμο-

418 2722 555 2772 λογίαν
591 2722 785 2769 mythico
819 2722 986 2760 vestitu
1014 2732 1170 2760 ornare
1198 2722 1414 2760 solebant.
1444 2722 1644 2770 Mythum
1668 2722 1802 2769 igitur
1818 2722 2054 2760 mittamus

421 2808 514 2836 rem
547 2799 779 2836 teneamus
811 2807 859 2835 00
890 2807 1118 2845 rogemus:
1152 2797 1310 2836 Verine
1353 2799 1421 2835 est
1454 2797 1599 2835 simile
1632 2796 1897 2845 Apollinem,
1932 2796 1982 2845 si,
2003 2797 2049 2834 ut

421 2874 613 2921 apparet,
647 2872 821 2910 exstitit
853 2872 1000 2910 fabula
1032 2883 1116 2920 qua
1148 2872 1325 2917 (O)ileus
1357 2871 1474 2910 filius
1507 2872 1600 2910 eius
1632 2871 1819 2920 audiret,
1841 2871 2050 2910 habuisse

420 2957 663 2996 cognomen
689 2944 789 2984 Ἰλέα
823 2947 889 2985 vel
918 2943 1077 2985 Ὀιλέαῗ)
1110 2947 1282 2986 Scimus
1315 2947 1431 2985 enim
1465 2957 1486 2984 e
1519 2947 1698 2984 deorum
1731 2944 1954 2996 ἐπικλήσεσι
1988 2968 2040 2972 ——

422 3033 531 3070 quae
563 3023 792 3070 aliquando
833 3022 953 3070 ipsae
986 3024 1216 3061 numinum
1251 3024 1425 3061 fuerant
1456 3022 1836 3061 denominationes
1869 3045 1919 3050 —
1955 3032 2044 3060 sae-
