<?xml version="1.0" encoding="UTF-8"?>
<!DOCTYPE html PUBLIC "-//W3C//DTD XHTML 1.0 Transitional//EN"
    "http://www.w3.org/TR/xhtml1/DTD/xhtml1-transitional.dtd">
<html xmlns="http://www.w3.org/1999/xhtml" xml:lang="en" lang="en">
 <head>
  <title>
</title>
<meta http-equiv="Content-Type" content="text/html;charset=utf-8" />
  <meta name='ocr-system' content='tesseract 3.04.00' />
  <meta name='ocr-capabilities' content='ocr_page ocr_carea ocr_par ocr_line ocrx_word'/>
</head>
<body>
  <div class='ocr_page' id='page_1' title='image "./deaiacisoriginec00vr_0075.png"; bbox 0 0 2141 3487; ppageno 0'>
   <div class='ocr_carea' id='block_1_1' title="bbox 780 306 1709 345">
    <p class='ocr_par' dir='ltr' id='par_1_1' title="bbox 780 306 1709 345">
     <span class='ocr_line' id='line_1_1' title="bbox 780 306 1709 345; baseline -0.003 0"><span class='ocrx_word' id='word_1_1' title='bbox 780 317 830 345; x_wconf 72' lang='lat' dir='ltr'>m:</span> <span class='ocrx_word' id='word_1_2' title='bbox 864 317 1010 345; x_wconf 70' lang='grc' dir='ltr'>ΑΙΑοΕ.</span> <span class='ocrx_word' id='word_1_3' title='bbox 1656 306 1709 343; x_wconf 76' lang='grc'>68</span> 
     </span>
    </p>
   </div>
   <div class='ocr_carea' id='block_1_2' title="bbox 82 430 1742 3055">
    <p class='ocr_par' dir='ltr' id='par_1_2' title="bbox 82 430 1722 1013">
     <span class='ocr_line' id='line_1_2' title="bbox 83 430 1716 481; baseline -0.004 -7"><span class='ocrx_word' id='word_1_4' title='bbox 83 434 291 474; x_wconf 80' lang='lat' dir='ltr'>Herodoti</span> <span class='ocrx_word' id='word_1_5' title='bbox 323 434 591 474; x_wconf 82' lang='lat' dir='ltr'>mentionem</span> <span class='ocrx_word' id='word_1_6' title='bbox 626 432 779 481; x_wconf 88' lang='lat' dir='ltr'>templi</span> <span class='ocrx_word' id='word_1_7' title='bbox 822 431 1036 481; x_wconf 76' lang='grc' dir='ltr'>Ἀθηναίης</span> <span class='ocrx_word' id='word_1_8' title='bbox 1071 430 1112 469; x_wconf 78' lang='grc' dir='ltr'>ἐν</span> <span class='ocrx_word' id='word_1_9' title='bbox 1146 431 1226 468; x_wconf 81' lang='grc' dir='ltr'>Σάι</span> <span class='ocrx_word' id='word_1_10' title='bbox 1259 430 1350 468; x_wconf 73' lang='grc' dir='ltr'><em>πόλι</em></span> <span class='ocrx_word' id='word_1_11' title='bbox 1382 431 1534 479; x_wconf 86' lang='lat' dir='ltr'>positi,</span> <span class='ocrx_word' id='word_1_12' title='bbox 1568 432 1716 469; x_wconf 84' lang='lat' dir='ltr'>tamen</span> 
     </span>
     <span class='ocr_line' id='line_1_3' title="bbox 82 505 1718 556; baseline -0.003 -7"><span class='ocrx_word' id='word_1_13' title='bbox 82 507 227 549; x_wconf 81' lang='lat' dir='ltr'>nullus</span> <span class='ocrx_word' id='word_1_14' title='bbox 269 508 522 547; x_wconf 82' lang='lat' dir='ltr'><strong>mortalium</strong></span> <span class='ocrx_word' id='word_1_15' title='bbox 559 508 783 556; x_wconf 88' lang='lat' dir='ltr'>hucusque</span> <span class='ocrx_word' id='word_1_16' title='bbox 826 507 1083 556; x_wconf 80' lang='lat' dir='ltr'>explicavit,</span> <span class='ocrx_word' id='word_1_17' title='bbox 1129 517 1203 546; x_wconf 89' lang='lat' dir='ltr'>cur</span> <span class='ocrx_word' id='word_1_18' title='bbox 1247 505 1512 547; x_wconf 68' lang='grc' dir='ltr'><em>Ξυπετεώνων</em></span> <span class='ocrx_word' id='word_1_19' title='bbox 1550 506 1718 554; x_wconf 88' lang='lat' dir='ltr'>potissi-</span> 
     </span>
     <span class='ocr_line' id='line_1_4' title="bbox 84 581 1718 639; baseline -0.004 -14"><span class='ocrx_word' id='word_1_20' title='bbox 84 596 205 625; x_wconf 88' lang='lat' dir='ltr'>mum</span> <span class='ocrx_word' id='word_1_21' title='bbox 249 596 346 624; x_wconf 89' lang='lat' dir='ltr'>cum</span> <span class='ocrx_word' id='word_1_22' title='bbox 387 584 498 639; x_wconf 81' lang='grc' dir='ltr'><em>δήμῳ</em></span> <span class='ocrx_word' id='word_1_23' title='bbox 541 585 674 623; x_wconf 87' lang='lat' dir='ltr'>Troes</span> <span class='ocrx_word' id='word_1_24' title='bbox 716 584 874 623; x_wconf 85' lang='lat' dir='ltr'>atticos</span> <span class='ocrx_word' id='word_1_25' title='bbox 905 584 1185 622; x_wconf 81' lang='lat' dir='ltr'>coniunxerit</span> <span class='ocrx_word' id='word_1_26' title='bbox 1225 582 1544 621; x_wconf 89' lang='lat' dir='ltr'>Phanodemus.</span> <span class='ocrx_word' id='word_1_27' title='bbox 1581 581 1718 629; x_wconf 81' lang='lat' dir='ltr'>Quam</span> 
     </span>
     <span class='ocr_line' id='line_1_5' title="bbox 83 657 1717 710; baseline -0.004 -10"><span class='ocrx_word' id='word_1_28' title='bbox 83 661 388 700; x_wconf 88' lang='lat' dir='ltr'>difficultatem</span> <span class='ocrx_word' id='word_1_29' title='bbox 424 661 516 710; x_wconf 89' lang='lat' dir='ltr'>ipse</span> <span class='ocrx_word' id='word_1_30' title='bbox 549 659 732 699; x_wconf 89' lang='lat' dir='ltr'>Crusius</span> <span class='ocrx_word' id='word_1_31' title='bbox 767 660 948 708; x_wconf 88' lang='lat' dir='ltr'>agnovit</span> <span class='ocrx_word' id='word_1_32' title='bbox 981 659 1068 704; x_wconf 90' lang='grc'><strong>(1.1.</strong></span> <span class='ocrx_word' id='word_1_33' title='bbox 1105 670 1144 707; x_wconf 85' lang='lat' dir='ltr'>p.</span> <span class='ocrx_word' id='word_1_34' title='bbox 1183 659 1298 707; x_wconf 83' lang='lat'><strong>177),</strong></span> <span class='ocrx_word' id='word_1_35' title='bbox 1344 658 1418 697; x_wconf 90' lang='lat' dir='ltr'>sed</span> <span class='ocrx_word' id='word_1_36' title='bbox 1453 667 1538 696; x_wconf 92' lang='lat' dir='ltr'>non</span> <span class='ocrx_word' id='word_1_37' title='bbox 1572 657 1717 696; x_wconf 90' lang='lat' dir='ltr'>solvit.</span> 
     </span>
     <span class='ocr_line' id='line_1_6' title="bbox 83 732 1722 784; baseline -0.003 -9"><span class='ocrx_word' id='word_1_38' title='bbox 83 737 204 776; x_wconf 89' lang='lat' dir='ltr'>Talia</span> <span class='ocrx_word' id='word_1_39' title='bbox 253 738 403 775; x_wconf 87' lang='lat' dir='ltr'>autem</span> <span class='ocrx_word' id='word_1_40' title='bbox 452 736 710 784; x_wconf 83' lang='lat' dir='ltr'>explicanda</span> <span class='ocrx_word' id='word_1_41' title='bbox 753 736 858 774; x_wconf 92' lang='lat' dir='ltr'>sunt</span> <span class='ocrx_word' id='word_1_42' title='bbox 902 736 1138 783; x_wconf 78' lang='lat' dir='ltr'>antequam</span> <span class='ocrx_word' id='word_1_43' title='bbox 1186 734 1545 773; x_wconf 82' lang='lat' dir='ltr'>condemnentur.</span> <span class='ocrx_word' id='word_1_44' title='bbox 1589 732 1722 771; x_wconf 91' lang='lat' dir='ltr'>Nobis</span> 
     </span>
     <span class='ocr_line' id='line_1_7' title="bbox 85 808 1719 851; baseline -0.003 0"><span class='ocrx_word' id='word_1_45' title='bbox 85 822 186 851; x_wconf 90' lang='lat' dir='ltr'>vero</span> <span class='ocrx_word' id='word_1_46' title='bbox 233 812 394 851; x_wconf 87' lang='lat' dir='ltr'>Troum</span> <span class='ocrx_word' id='word_1_47' title='bbox 444 812 620 851; x_wconf 91' lang='lat' dir='ltr'>demum</span> <span class='ocrx_word' id='word_1_48' title='bbox 668 812 806 851; x_wconf 84' lang='lat' dir='ltr'>fuisse</span> <span class='ocrx_word' id='word_1_49' title='bbox 855 812 896 850; x_wconf 92' lang='lat' dir='ltr'>in</span> <span class='ocrx_word' id='word_1_50' title='bbox 943 811 1088 850; x_wconf 86' lang='lat' dir='ltr'>Attica</span> <span class='ocrx_word' id='word_1_51' title='bbox 1131 811 1245 849; x_wconf 90' lang='lat' dir='ltr'>haud</span> <span class='ocrx_word' id='word_1_52' title='bbox 1289 810 1436 848; x_wconf 90' lang='lat' dir='ltr'>minus</span> <span class='ocrx_word' id='word_1_53' title='bbox 1481 808 1719 847; x_wconf 86' lang='lat' dir='ltr'>verisimile</span> 
     </span>
     <span class='ocr_line' id='line_1_8' title="bbox 84 884 1722 938; baseline -0.002 -12"><span class='ocrx_word' id='word_1_54' title='bbox 84 888 269 936; x_wconf 88' lang='lat' dir='ltr'>videtur,</span> <span class='ocrx_word' id='word_1_55' title='bbox 314 897 442 935; x_wconf 88' lang='lat' dir='ltr'>quam</span> <span class='ocrx_word' id='word_1_56' title='bbox 483 888 688 927; x_wconf 80' lang='lat' dir='ltr'>extitisse</span> <span class='ocrx_word' id='word_1_57' title='bbox 720 887 862 926; x_wconf 89' lang='lat' dir='ltr'>locum</span> <span class='ocrx_word' id='word_1_58' title='bbox 902 886 1085 938; x_wconf 75' lang='grc' dir='ltr'><strong><em>Φρυγίαν</em></strong></span> <span class='ocrx_word' id='word_1_59' title='bbox 1119 886 1388 935; x_wconf 86' lang='lat' dir='ltr'>appellatum</span> <span class='ocrx_word' id='word_1_60' title='bbox 1417 885 1460 923; x_wconf 92' lang='lat' dir='ltr'>in</span> <span class='ocrx_word' id='word_1_61' title='bbox 1493 884 1722 923; x_wconf 74' lang='lat' dir='ltr'>Thessalia</span> 
     </span>
     <span class='ocr_line' id='line_1_9' title="bbox 84 962 1480 1013; baseline -0.001 -12"><span class='ocrx_word' id='word_1_62' title='bbox 84 963 248 1012; x_wconf 83' lang='lat' dir='ltr'>(Steph,</span> <span class='ocrx_word' id='word_1_63' title='bbox 283 964 420 1011; x_wconf 78' lang='lat' dir='ltr'>ByZ.),</span> <span class='ocrx_word' id='word_1_64' title='bbox 458 963 526 1002; x_wconf 89' lang='lat' dir='ltr'>vel</span> <span class='ocrx_word' id='word_1_65' title='bbox 559 962 604 1000; x_wconf 75' lang='grc' dir='ltr'>τὰ</span> <span class='ocrx_word' id='word_1_66' title='bbox 640 963 797 1013; x_wconf 69' lang='grc' dir='ltr'><em>Φρύγια·</em></span> <span class='ocrx_word' id='word_1_67' title='bbox 832 963 874 1000; x_wconf 93' lang='lat' dir='ltr'>in</span> <span class='ocrx_word' id='word_1_68' title='bbox 902 963 1083 1001; x_wconf 89' lang='lat' dir='ltr'>Boeotia</span> <span class='ocrx_word' id='word_1_69' title='bbox 1116 962 1266 1004; x_wconf 77' lang='lat' dir='ltr'>(Thuc.</span> <span class='ocrx_word' id='word_1_70' title='bbox 1301 962 1364 999; x_wconf 85' lang='lat' dir='ltr'>III</span> <span class='ocrx_word' id='word_1_71' title='bbox 1398 962 1480 1006; x_wconf 77' lang='lat'>22).</span> 
     </span>
    </p>

    <p class='ocr_par' dir='ltr' id='par_1_3' title="bbox 84 1036 1734 1920">
     <span class='ocr_line' id='line_1_10' title="bbox 144 1036 1721 1085; baseline 0.001 -8"><span class='ocrx_word' id='word_1_72' title='bbox 144 1039 264 1077; x_wconf 86' lang='lat' dir='ltr'>Sicut</span> <span class='ocrx_word' id='word_1_73' title='bbox 310 1040 459 1077; x_wconf 88' lang='lat' dir='ltr'>autern</span> <span class='ocrx_word' id='word_1_74' title='bbox 503 1039 645 1077; x_wconf 89' lang='lat' dir='ltr'>insani</span> <span class='ocrx_word' id='word_1_75' title='bbox 688 1038 801 1077; x_wconf 84' lang='lat' dir='ltr'>foret</span> <span class='ocrx_word' id='word_1_76' title='bbox 844 1038 1107 1077; x_wconf 82' lang='lat' dir='ltr'>contendere</span> <span class='ocrx_word' id='word_1_77' title='bbox 1151 1038 1347 1085; x_wconf 84' lang='lat' dir='ltr'>Phryges</span> <span class='ocrx_word' id='word_1_78' title='bbox 1380 1037 1511 1075; x_wconf 88' lang='lat' dir='ltr'>Asiae</span> <span class='ocrx_word' id='word_1_79' title='bbox 1544 1036 1721 1078; x_wconf 86' lang='lat' dir='ltr'>Minoris</span> 
     </span>
     <span class='ocr_line' id='line_1_11' title="bbox 84 1113 1723 1162; baseline -0.001 -9"><span class='ocrx_word' id='word_1_80' title='bbox 84 1114 184 1153; x_wconf 87' lang='lat' dir='ltr'>hinc</span> <span class='ocrx_word' id='word_1_81' title='bbox 226 1124 387 1153; x_wconf 92' lang='lat' dir='ltr'>nomen</span> <span class='ocrx_word' id='word_1_82' title='bbox 430 1124 560 1152; x_wconf 87' lang='lat' dir='ltr'>suum</span> <span class='ocrx_word' id='word_1_83' title='bbox 593 1114 793 1162; x_wconf 84' lang='lat' dir='ltr'>duxisse,</span> <span class='ocrx_word' id='word_1_84' title='bbox 829 1114 893 1152; x_wconf 93' lang='lat' dir='ltr'>sic</span> <span class='ocrx_word' id='word_1_85' title='bbox 926 1114 1038 1152; x_wconf 89' lang='lat' dir='ltr'>serio</span> <span class='ocrx_word' id='word_1_86' title='bbox 1072 1124 1156 1152; x_wconf 91' lang='lat' dir='ltr'>non</span> <span class='ocrx_word' id='word_1_87' title='bbox 1192 1114 1509 1152; x_wconf 81' lang='lat' dir='ltr'>contendemus</span> <span class='ocrx_word' id='word_1_88' title='bbox 1542 1113 1723 1152; x_wconf 89' lang='lat' dir='ltr'>Troadis</span> 
     </span>
     <span class='ocr_line' id='line_1_12' title="bbox 85 1189 1722 1237; baseline -0.001 -9"><span class='ocrx_word' id='word_1_89' title='bbox 85 1189 249 1228; x_wconf 84' lang='lat' dir='ltr'>incolas</span> <span class='ocrx_word' id='word_1_90' title='bbox 281 1199 440 1228; x_wconf 91' lang='lat' dir='ltr'>nomen</span> <span class='ocrx_word' id='word_1_91' title='bbox 469 1200 598 1228; x_wconf 88' lang='lat' dir='ltr'>suum</span> <span class='ocrx_word' id='word_1_92' title='bbox 628 1189 754 1228; x_wconf 89' lang='lat' dir='ltr'>demo</span> <span class='ocrx_word' id='word_1_93' title='bbox 783 1189 938 1228; x_wconf 90' lang='lat' dir='ltr'>debere</span> <span class='ocrx_word' id='word_1_94' title='bbox 965 1189 1114 1228; x_wconf 91' lang='lat' dir='ltr'>attico.</span> <span class='ocrx_word' id='word_1_95' title='bbox 1144 1189 1342 1228; x_wconf 88' lang='lat' dir='ltr'>Meraene</span> <span class='ocrx_word' id='word_1_96' title='bbox 1370 1190 1503 1237; x_wconf 85' lang='lat' dir='ltr'>igitur</span> <span class='ocrx_word' id='word_1_97' title='bbox 1521 1189 1722 1228; x_wconf 77' lang='lat' dir='ltr'>fortunae</span> 
     </span>
     <span class='ocr_line' id='line_1_13' title="bbox 86 1265 1725 1313; baseline -0.001 -9"><span class='ocrx_word' id='word_1_98' title='bbox 86 1265 451 1304; x_wconf 84' lang='lat' dir='ltr'>contribuendum</span> <span class='ocrx_word' id='word_1_99' title='bbox 496 1267 564 1303; x_wconf 89' lang='lat' dir='ltr'>est</span> <span class='ocrx_word' id='word_1_100' title='bbox 605 1265 720 1312; x_wconf 87' lang='lat' dir='ltr'>quod</span> <span class='ocrx_word' id='word_1_101' title='bbox 753 1265 860 1303; x_wconf 87' lang='lat' dir='ltr'>talia</span> <span class='ocrx_word' id='word_1_102' title='bbox 893 1265 1161 1313; x_wconf 86' lang='lat' dir='ltr'>homonyma</span> <span class='ocrx_word' id='word_1_103' title='bbox 1195 1265 1236 1302; x_wconf 94' lang='lat' dir='ltr'>in</span> <span class='ocrx_word' id='word_1_104' title='bbox 1271 1267 1453 1312; x_wconf 85' lang='lat' dir='ltr'>utraque</span> <span class='ocrx_word' id='word_1_105' title='bbox 1486 1265 1725 1303; x_wconf 88' lang='lat' dir='ltr'>continenti</span> 
     </span>
     <span class='ocr_line' id='line_1_14' title="bbox 86 1339 1722 1390; baseline 0 -11"><span class='ocrx_word' id='word_1_106' title='bbox 86 1341 391 1390; x_wconf 84' lang='lat' dir='ltr'>reperiuntur?</span> <span class='ocrx_word' id='word_1_107' title='bbox 435 1341 501 1379; x_wconf 88' lang='lat' dir='ltr'>An</span> <span class='ocrx_word' id='word_1_108' title='bbox 545 1341 776 1388; x_wconf 84' lang='lat' dir='ltr'>quicquam</span> <span class='ocrx_word' id='word_1_109' title='bbox 823 1339 987 1379; x_wconf 87' lang='lat' dir='ltr'>valebit</span> <span class='ocrx_word' id='word_1_110' title='bbox 1019 1340 1330 1379; x_wconf 86' lang='lat' dir='ltr'>Erichthonius</span> <span class='ocrx_word' id='word_1_111' title='bbox 1362 1341 1448 1379; x_wconf 91' lang='lat' dir='ltr'>iam</span> <span class='ocrx_word' id='word_1_112' title='bbox 1485 1341 1597 1388; x_wconf 88' lang='lat' dir='ltr'>apud</span> <span class='ocrx_word' id='word_1_113' title='bbox 1629 1350 1722 1389; x_wconf 90' lang='lat' dir='ltr'>poe·</span> 
     </span>
     <span class='ocr_line' id='line_1_15' title="bbox 85 1416 1723 1465; baseline 0.001 -11"><span class='ocrx_word' id='word_1_114' title='bbox 85 1418 176 1455; x_wconf 90' lang='lat' dir='ltr'>tam</span> <span class='ocrx_word' id='word_1_115' title='bbox 220 1418 403 1455; x_wconf 84' lang='lat' dir='ltr'>vocatus</span> <span class='ocrx_word' id='word_1_116' title='bbox 442 1416 566 1455; x_wconf 89' lang='lat' dir='ltr'>Trois</span> <span class='ocrx_word' id='word_1_117' title='bbox 608 1418 764 1465; x_wconf 86' lang='lat' dir='ltr'>pater?</span> <span class='ocrx_word' id='word_1_118' title='bbox 806 1417 873 1455; x_wconf 90' lang='lat' dir='ltr'>An</span> <span class='ocrx_word' id='word_1_119' title='bbox 907 1417 976 1455; x_wconf 90' lang='lat' dir='ltr'>hic</span> <span class='ocrx_word' id='word_1_120' title='bbox 1020 1426 1189 1464; x_wconf 88' lang='lat' dir='ltr'>quoque</span> <span class='ocrx_word' id='word_1_121' title='bbox 1227 1417 1307 1455; x_wconf 89' lang='lat' dir='ltr'>sub</span> <span class='ocrx_word' id='word_1_122' title='bbox 1342 1417 1478 1456; x_wconf 91' lang='lat' dir='ltr'>oculis</span> <span class='ocrx_word' id='word_1_123' title='bbox 1511 1417 1723 1456; x_wconf 89' lang='lat' dir='ltr'>habemus</span> 
     </span>
     <span class='ocr_line' id='line_1_16' title="bbox 88 1493 1725 1542; baseline 0 -11"><span class='ocrx_word' id='word_1_124' title='bbox 88 1493 341 1541; x_wconf 83' lang='lat' dir='ltr'>exemplum</span> <span class='ocrx_word' id='word_1_125' title='bbox 399 1494 590 1533; x_wconf 89' lang='lat' dir='ltr'>nominis</span> <span class='ocrx_word' id='word_1_126' title='bbox 638 1494 886 1542; x_wconf 86' lang='lat' dir='ltr'>cuiusdam,</span> <span class='ocrx_word' id='word_1_127' title='bbox 949 1494 1060 1541; x_wconf 86' lang='lat' dir='ltr'>quod</span> <span class='ocrx_word' id='word_1_128' title='bbox 1109 1495 1263 1541; x_wconf 85' lang='lat' dir='ltr'>gentes</span> <span class='ocrx_word' id='word_1_129' title='bbox 1316 1493 1556 1532; x_wconf 87' lang='lat' dir='ltr'>nomadum</span> <span class='ocrx_word' id='word_1_130' title='bbox 1604 1503 1725 1531; x_wconf 88' lang='lat' dir='ltr'>more</span> 
     </span>
     <span class='ocr_line' id='line_1_17' title="bbox 88 1568 1727 1617; baseline 0 -11"><span class='ocrx_word' id='word_1_131' title='bbox 88 1571 299 1617; x_wconf 88' lang='lat' dir='ltr'>vagantes</span> <span class='ocrx_word' id='word_1_132' title='bbox 343 1579 416 1617; x_wconf 87' lang='lat' dir='ltr'>per</span> <span class='ocrx_word' id='word_1_133' title='bbox 459 1571 693 1617; x_wconf 87' lang='lat' dir='ltr'>utramque</span> <span class='ocrx_word' id='word_1_134' title='bbox 733 1569 1031 1608; x_wconf 87' lang='lat' dir='ltr'>continentem</span> <span class='ocrx_word' id='word_1_135' title='bbox 1067 1569 1228 1617; x_wconf 83' lang='lat' dir='ltr'>priscis</span> <span class='ocrx_word' id='word_1_136' title='bbox 1260 1568 1535 1617; x_wconf 89' lang='lat' dir='ltr'>temporibus</span> <span class='ocrx_word' id='word_1_137' title='bbox 1568 1568 1727 1617; x_wconf 86' lang='lat' dir='ltr'>disper-</span> 
     </span>
     <span class='ocr_line' id='line_1_18' title="bbox 89 1644 1734 1694; baseline -0.001 -12"><span class='ocrx_word' id='word_1_138' title='bbox 89 1644 244 1692; x_wconf 84' lang='lat' dir='ltr'>serint,</span> <span class='ocrx_word' id='word_1_139' title='bbox 290 1644 353 1683; x_wconf 89' lang='lat' dir='ltr'>ita</span> <span class='ocrx_word' id='word_1_140' title='bbox 395 1646 444 1684; x_wconf 88' lang='lat' dir='ltr'>ut</span> <span class='ocrx_word' id='word_1_141' title='bbox 481 1646 654 1694; x_wconf 88' lang='lat' dir='ltr'>poetae,</span> <span class='ocrx_word' id='word_1_142' title='bbox 690 1644 849 1692; x_wconf 89' lang='lat' dir='ltr'>quibus</span> <span class='ocrx_word' id='word_1_143' title='bbox 883 1644 1043 1683; x_wconf 92' lang='lat' dir='ltr'>Troum</span> <span class='ocrx_word' id='word_1_144' title='bbox 1083 1644 1239 1683; x_wconf 89' lang='lat' dir='ltr'>demus</span> <span class='ocrx_word' id='word_1_145' title='bbox 1272 1645 1433 1683; x_wconf 86' lang='lat' dir='ltr'>atticus</span> <span class='ocrx_word' id='word_1_146' title='bbox 1466 1644 1581 1683; x_wconf 90' lang='lat' dir='ltr'>haud</span> <span class='ocrx_word' id='word_1_147' title='bbox 1616 1646 1734 1683; x_wconf 88' lang='lat' dir='ltr'>esset</span> 
     </span>
     <span class='ocr_line' id='line_1_19' title="bbox 86 1719 1730 1769; baseline 0.001 -12"><span class='ocrx_word' id='word_1_148' title='bbox 86 1719 278 1767; x_wconf 85' lang='lat' dir='ltr'>ignotus,</span> <span class='ocrx_word' id='word_1_149' title='bbox 314 1720 389 1759; x_wconf 87' lang='lat' dir='ltr'>sed</span> <span class='ocrx_word' id='word_1_150' title='bbox 421 1721 493 1768; x_wconf 91' lang='lat' dir='ltr'>qui</span> <span class='ocrx_word' id='word_1_151' title='bbox 520 1721 683 1769; x_wconf 90' lang='lat' dir='ltr'>optime</span> <span class='ocrx_word' id='word_1_152' title='bbox 715 1720 882 1759; x_wconf 88' lang='lat' dir='ltr'>scirent</span> <span class='ocrx_word' id='word_1_153' title='bbox 915 1731 1042 1760; x_wconf 89' lang='lat' dir='ltr'>veros</span> <span class='ocrx_word' id='word_1_154' title='bbox 1072 1720 1205 1759; x_wconf 90' lang='lat' dir='ltr'>Troes</span> <span class='ocrx_word' id='word_1_155' title='bbox 1233 1721 1277 1758; x_wconf 91' lang='lat' dir='ltr'>in</span> <span class='ocrx_word' id='word_1_156' title='bbox 1305 1721 1473 1759; x_wconf 85' lang='lat' dir='ltr'>Troade</span> <span class='ocrx_word' id='word_1_157' title='bbox 1492 1731 1588 1759; x_wconf 88' lang='lat' dir='ltr'>esse</span> <span class='ocrx_word' id='word_1_158' title='bbox 1607 1730 1730 1767; x_wconf 86' lang='lat' dir='ltr'>quae-</span> 
     </span>
     <span class='ocr_line' id='line_1_20' title="bbox 88 1795 1733 1844; baseline 0.001 -11"><span class='ocrx_word' id='word_1_159' title='bbox 88 1795 266 1842; x_wconf 89' lang='lat' dir='ltr'>rendos,</span> <span class='ocrx_word' id='word_1_160' title='bbox 295 1795 364 1844; x_wconf 91' lang='lat' dir='ltr'>„in</span> <span class='ocrx_word' id='word_1_161' title='bbox 391 1796 606 1834; x_wconf 86' lang='lat' dir='ltr'>maiorem</span> <span class='ocrx_word' id='word_1_162' title='bbox 633 1796 975 1835; x_wconf 87' lang='lat' dir='ltr'>Atheniensium</span> <span class='ocrx_word' id='word_1_163' title='bbox 1002 1795 1218 1844; x_wconf 85' lang='lat' dir='ltr'>gloriam’&#39;</span> <span class='ocrx_word' id='word_1_164' title='bbox 1239 1795 1571 1834; x_wconf 88' lang='lat' dir='ltr'>Erichthonium</span> <span class='ocrx_word' id='word_1_165' title='bbox 1593 1795 1733 1844; x_wconf 90' lang='lat' dir='ltr'>Xype-</span> 
     </span>
     <span class='ocr_line' id='line_1_21' title="bbox 92 1871 1107 1920; baseline 0.001 -12"><span class='ocrx_word' id='word_1_166' title='bbox 92 1871 270 1909; x_wconf 86' lang='lat' dir='ltr'>teonum</span> <span class='ocrx_word' id='word_1_167' title='bbox 306 1871 499 1910; x_wconf 89' lang='lat' dir='ltr'>vicinum</span> <span class='ocrx_word' id='word_1_168' title='bbox 533 1871 657 1910; x_wconf 91' lang='lat' dir='ltr'>Trois</span> <span class='ocrx_word' id='word_1_169' title='bbox 690 1873 861 1920; x_wconf 88' lang='lat' dir='ltr'>patrem</span> <span class='ocrx_word' id='word_1_170' title='bbox 894 1871 1107 1910; x_wconf 78' lang='lat' dir='ltr'>fecerint?</span> 
     </span>
    </p>

    <p class='ocr_par' dir='ltr' id='par_1_4' title="bbox 92 1946 1742 2752">
     <span class='ocr_line' id='line_1_22' title="bbox 150 1946 1736 1996; baseline 0.001 -12"><span class='ocrx_word' id='word_1_171' title='bbox 150 1946 527 1995; x_wconf 87' lang='lat' dir='ltr'>Atthidographos</span> <span class='ocrx_word' id='word_1_172' title='bbox 560 1948 675 1986; x_wconf 90' lang='lat' dir='ltr'>inter</span> <span class='ocrx_word' id='word_1_173' title='bbox 707 1947 850 1986; x_wconf 87' lang='lat' dir='ltr'>multa</span> <span class='ocrx_word' id='word_1_174' title='bbox 883 1947 1029 1996; x_wconf 88' lang='lat' dir='ltr'>inepta</span> <span class='ocrx_word' id='word_1_175' title='bbox 1062 1947 1131 1985; x_wconf 90' lang='lat' dir='ltr'>hic</span> <span class='ocrx_word' id='word_1_176' title='bbox 1163 1947 1252 1985; x_wconf 90' lang='lat' dir='ltr'>illic</span> <span class='ocrx_word' id='word_1_177' title='bbox 1286 1947 1376 1985; x_wconf 88' lang='lat' dir='ltr'>veri</span> <span class='ocrx_word' id='word_1_178' title='bbox 1410 1947 1596 1986; x_wconf 88' lang='lat' dir='ltr'>alicuius</span> <span class='ocrx_word' id='word_1_179' title='bbox 1622 1948 1736 1986; x_wconf 90' lang='lat' dir='ltr'>rudi-</span> 
     </span>
     <span class='ocr_line' id='line_1_23' title="bbox 92 2022 1735 2071; baseline 0.001 -11"><span class='ocrx_word' id='word_1_180' title='bbox 92 2024 242 2061; x_wconf 87' lang='lat' dir='ltr'>menta</span> <span class='ocrx_word' id='word_1_181' title='bbox 289 2032 508 2071; x_wconf 88' lang='lat' dir='ltr'>servasse,</span> <span class='ocrx_word' id='word_1_182' title='bbox 545 2023 720 2062; x_wconf 87' lang='lat' dir='ltr'>credere</span> <span class='ocrx_word' id='word_1_183' title='bbox 754 2023 855 2070; x_wconf 89' lang='lat' dir='ltr'>quid</span> <span class='ocrx_word' id='word_1_184' title='bbox 895 2024 1049 2061; x_wconf 84' lang='lat' dir='ltr'>vetat?</span> <span class='ocrx_word' id='word_1_185' title='bbox 1082 2023 1303 2061; x_wconf 86' lang='lat' dir='ltr'>Nonnulla</span> <span class='ocrx_word' id='word_1_186' title='bbox 1337 2022 1469 2061; x_wconf 89' lang='lat' dir='ltr'>etiam</span> <span class='ocrx_word' id='word_1_187' title='bbox 1504 2025 1735 2062; x_wconf 89' lang='lat' dir='ltr'>servarunt</span> 
     </span>
     <span class='ocr_line' id='line_1_24' title="bbox 93 2097 1735 2147; baseline 0.001 -12"><span class='ocrx_word' id='word_1_188' title='bbox 93 2107 202 2144; x_wconf 89' lang='lat' dir='ltr'>quae</span> <span class='ocrx_word' id='word_1_189' title='bbox 249 2098 348 2136; x_wconf 86' lang='lat' dir='ltr'>aliis</span> <span class='ocrx_word' id='word_1_190' title='bbox 396 2099 619 2147; x_wconf 85' lang='lat' dir='ltr'>suspecta,</span> <span class='ocrx_word' id='word_1_191' title='bbox 671 2098 768 2136; x_wconf 90' lang='lat' dir='ltr'>aliis</span> <span class='ocrx_word' id='word_1_192' title='bbox 817 2108 902 2136; x_wconf 89' lang='lat' dir='ltr'>non</span> <span class='ocrx_word' id='word_1_193' title='bbox 959 2097 1137 2136; x_wconf 91' lang='lat' dir='ltr'>omnino</span> <span class='ocrx_word' id='word_1_194' title='bbox 1187 2097 1413 2136; x_wconf 89' lang='lat' dir='ltr'>abicienda</span> <span class='ocrx_word' id='word_1_195' title='bbox 1459 2099 1735 2137; x_wconf 82' lang='lat' dir='ltr'>videbuntur.</span> 
     </span>
     <span class='ocr_line' id='line_1_25' title="bbox 93 2173 1734 2222; baseline 0.001 -11"><span class='ocrx_word' id='word_1_196' title='bbox 93 2173 304 2212; x_wconf 87' lang='lat' dir='ltr'>Dabimus</span> <span class='ocrx_word' id='word_1_197' title='bbox 337 2174 605 2222; x_wconf 82' lang='lat' dir='ltr'>exemplum.</span> <span class='ocrx_word' id='word_1_198' title='bbox 645 2174 870 2222; x_wconf 84' lang='lat' dir='ltr'>Leguntur</span> <span class='ocrx_word' id='word_1_199' title='bbox 898 2174 1010 2222; x_wconf 87' lang='lat' dir='ltr'>apud</span> <span class='ocrx_word' id='word_1_200' title='bbox 1049 2173 1336 2212; x_wconf 86' lang='lat' dir='ltr'>Plutarchum</span> <span class='ocrx_word' id='word_1_201' title='bbox 1370 2174 1414 2211; x_wconf 91' lang='lat' dir='ltr'>in</span> <span class='ocrx_word' id='word_1_202' title='bbox 1447 2173 1547 2213; x_wconf 88' lang='lat' dir='ltr'>Vita</span> <span class='ocrx_word' id='word_1_203' title='bbox 1578 2174 1734 2213; x_wconf 87' lang='lat' dir='ltr'>Thesei</span> 
     </span>
     <span class='ocr_line' id='line_1_26' title="bbox 95 2247 1734 2300; baseline 0.001 -13"><span class='ocrx_word' id='word_1_204' title='bbox 95 2252 145 2293; x_wconf 84' lang='lat' dir='ltr'>(C.</span> <span class='ocrx_word' id='word_1_205' title='bbox 182 2249 249 2294; x_wconf 83' lang='lat'>17)</span> <span class='ocrx_word' id='word_1_206' title='bbox 293 2249 418 2288; x_wconf 78' lang='lat' dir='ltr'>haec:</span> <span class='ocrx_word' id='word_1_207' title='bbox 464 2247 711 2299; x_wconf 65' lang='grc' dir='ltr'><em>ηΦιλόχορος</em></span> <span class='ocrx_word' id='word_1_208' title='bbox 746 2247 787 2287; x_wconf 79' lang='grc' dir='ltr'>δὲ</span> <span class='ocrx_word' id='word_1_209' title='bbox 829 2247 938 2300; x_wconf 84' lang='grc' dir='ltr'><em>παρὰ</em></span> <span class='ocrx_word' id='word_1_210' title='bbox 981 2248 1135 2299; x_wconf 83' lang='grc' dir='ltr'><strong><em>Σκίρου</em></strong></span> <span class='ocrx_word' id='word_1_211' title='bbox 1169 2247 1295 2299; x_wconf 76' lang='grc' dir='ltr'><em>φησὶν</em></span> <span class='ocrx_word' id='word_1_212' title='bbox 1328 2247 1368 2286; x_wconf 79' lang='grc' dir='ltr'>ἐκ</span> <span class='ocrx_word' id='word_1_213' title='bbox 1402 2252 1633 2299; x_wconf 83' lang='grc' dir='ltr'><em>Σαλαμῖνος</em></span> <span class='ocrx_word' id='word_1_214' title='bbox 1666 2249 1734 2288; x_wconf 89' lang='grc' dir='ltr'>τὸν</span> 
     </span>
     <span class='ocr_line' id='line_1_27' title="bbox 100 2321 1734 2378; baseline 0.003 -18"><span class='ocrx_word' id='word_1_215' title='bbox 100 2321 230 2373; x_wconf 84' lang='grc' dir='ltr'>Θησέα</span> <span class='ocrx_word' id='word_1_216' title='bbox 263 2324 398 2374; x_wconf 79' lang='grc' dir='ltr'><em>λαβεῖν</em></span> <span class='ocrx_word' id='word_1_217' title='bbox 429 2323 681 2374; x_wconf 81' lang='grc' dir='ltr'><em>κυβερνήτην</em></span> <span class='ocrx_word' id='word_1_218' title='bbox 715 2322 785 2374; x_wconf 81' lang='grc' dir='ltr'>μὲν</span> <span class='ocrx_word' id='word_1_219' title='bbox 818 2323 1063 2363; x_wconf 83' lang='grc' dir='ltr'><em>Ναυσίθοον</em></span> <span class='ocrx_word' id='word_1_220' title='bbox 1096 2322 1255 2378; x_wconf 77' lang='grc' dir='ltr'><strong><em>πρῳρέα</em></strong></span> <span class='ocrx_word' id='word_1_221' title='bbox 1289 2321 1331 2362; x_wconf 80' lang='grc' dir='ltr'>δὲ</span> <span class='ocrx_word' id='word_1_222' title='bbox 1369 2325 1545 2375; x_wconf 75' lang='grc' dir='ltr'><em>Φαίακα,</em></span> <span class='ocrx_word' id='word_1_223' title='bbox 1571 2325 1734 2376; x_wconf 81' lang='grc' dir='ltr'><em>μηδέπω</em></span> 
     </span>
     <span class='ocr_line' id='line_1_28' title="bbox 96 2397 1735 2454; baseline 0.002 -18"><span class='ocrx_word' id='word_1_224' title='bbox 96 2397 179 2436; x_wconf 85' lang='grc' dir='ltr'><em>τότε</em></span> <span class='ocrx_word' id='word_1_225' title='bbox 227 2404 304 2436; x_wconf 84' lang='grc' dir='ltr'>τῶν</span> <span class='ocrx_word' id='word_1_226' title='bbox 343 2398 570 2449; x_wconf 76' lang='grc' dir='ltr'><em>Ἀθηναίων</em></span> <span class='ocrx_word' id='word_1_227' title='bbox 607 2399 884 2451; x_wconf 78' lang='grc' dir='ltr'><strong><em>προσεχόντων</em></strong></span> <span class='ocrx_word' id='word_1_228' title='bbox 927 2406 973 2454; x_wconf 79' lang='grc' dir='ltr'>τῇ</span> <span class='ocrx_word' id='word_1_229' title='bbox 1015 2399 1215 2454; x_wconf 79' lang='grc' dir='ltr'><em>θαλάσσῃ·</em></span> <span class='ocrx_word' id='word_1_230' title='bbox 1260 2403 1451 2450; x_wconf 81' lang='grc' dir='ltr'><em>μαρτυρεῖ</em></span> <span class='ocrx_word' id='word_1_231' title='bbox 1494 2399 1535 2439; x_wconf 81' lang='grc' dir='ltr'>δὲ</span> <span class='ocrx_word' id='word_1_232' title='bbox 1582 2402 1735 2449; x_wconf 83' lang='grc' dir='ltr'><em>τούτοις</em></span> 
     </span>
     <span class='ocr_line' id='line_1_29' title="bbox 95 2470 1734 2532; baseline 0.004 -22"><span class='ocrx_word' id='word_1_233' title='bbox 95 2470 206 2524; x_wconf 81' lang='grc' dir='ltr'><em>ἡρῷα</em></span> <span class='ocrx_word' id='word_1_234' title='bbox 255 2473 500 2512; x_wconf 84' lang='grc' dir='ltr'><em>Ναυσιθόου</em></span> <span class='ocrx_word' id='word_1_235' title='bbox 548 2473 616 2512; x_wconf 81' lang='grc' dir='ltr'><em>καὶ</em></span> <span class='ocrx_word' id='word_1_236' title='bbox 664 2475 842 2521; x_wconf 82' lang='grc' dir='ltr'><em>Φαίακος</em></span> <span class='ocrx_word' id='word_1_237' title='bbox 885 2474 1098 2526; x_wconf 81' lang='grc' dir='ltr'><em>εἱσαμένου</em></span> <span class='ocrx_word' id='word_1_238' title='bbox 1147 2473 1308 2525; x_wconf 76' lang='grc' dir='ltr'><em>Θησέως</em></span> <span class='ocrx_word' id='word_1_239' title='bbox 1346 2477 1531 2528; x_wconf 79' lang='grc' dir='ltr'>Φαληροῖ</span> <span class='ocrx_word' id='word_1_240' title='bbox 1552 2477 1651 2528; x_wconf 85' lang='grc' dir='ltr'><strong><em>πρὸς</em></strong></span> <span class='ocrx_word' id='word_1_241' title='bbox 1684 2485 1734 2532; x_wconf 78' lang='grc' dir='ltr'>τῷ</span> 
     </span>
     <span class='ocr_line' id='line_1_30' title="bbox 97 2548 1734 2602; baseline 0.004 -16"><span class='ocrx_word' id='word_1_242' title='bbox 97 2554 165 2588; x_wconf 85' lang='grc' dir='ltr'>τοῦ</span> <span class='ocrx_word' id='word_1_243' title='bbox 199 2549 352 2600; x_wconf 77' lang='grc' dir='ltr'><em>Σκίρου</em></span> <span class='ocrx_word' id='word_1_244' title='bbox 386 2549 496 2602; x_wconf 77' lang='grc' dir='ltr'><em>ἱερῷ,</em></span> <span class='ocrx_word' id='word_1_245' title='bbox 528 2548 595 2588; x_wconf 82' lang='grc' dir='ltr'><em>καὶ</em></span> <span class='ocrx_word' id='word_1_246' title='bbox 628 2549 699 2600; x_wconf 80' lang='grc' dir='ltr'>τὴν</span> <span class='ocrx_word' id='word_1_247' title='bbox 734 2549 873 2602; x_wconf 78' lang='grc' dir='ltr'><em>ἑορτὴν</em></span> <span class='ocrx_word' id='word_1_248' title='bbox 906 2550 951 2588; x_wconf 82' lang='grc' dir='ltr'>τὰ</span> <span class='ocrx_word' id='word_1_249' title='bbox 980 2550 1240 2602; x_wconf 84' lang='grc' dir='ltr'><em>Κυβερνήσια</em></span> <span class='ocrx_word' id='word_1_250' title='bbox 1275 2550 1402 2601; x_wconf 82' lang='grc' dir='ltr'><em>φησὶν</em></span> <span class='ocrx_word' id='word_1_251' title='bbox 1430 2551 1593 2599; x_wconf 81' lang='grc' dir='ltr'><em>ἐκείνοις</em></span> <span class='ocrx_word' id='word_1_252' title='bbox 1620 2557 1734 2592; x_wconf 79' lang='grc' dir='ltr'><em>τελεῖ-</em></span> 
     </span>
     <span class='ocr_line' id='line_1_31' title="bbox 96 2624 1742 2679; baseline 0.004 -18"><span class='ocrx_word' id='word_1_253' title='bbox 96 2626 236 2662; x_wconf 84' lang='grc' dir='ltr'><em>σθαι”.</em></span> <span class='ocrx_word' id='word_1_254' title='bbox 265 2624 340 2670; x_wconf 86' lang='lat' dir='ltr'>(Cf.</span> <span class='ocrx_word' id='word_1_255' title='bbox 376 2624 511 2664; x_wconf 82' lang='lat' dir='ltr'>Clem.</span> <span class='ocrx_word' id='word_1_256' title='bbox 542 2625 609 2663; x_wconf 89' lang='lat' dir='ltr'>Al.</span> <span class='ocrx_word' id='word_1_257' title='bbox 639 2625 779 2664; x_wconf 75' lang='lat' dir='ltr'>Protr.</span> <span class='ocrx_word' id='word_1_258' title='bbox 808 2637 846 2674; x_wconf 87' lang='lat' dir='ltr'>p.</span> <span class='ocrx_word' id='word_1_259' title='bbox 872 2626 937 2665; x_wconf 81' lang='lat'>12.</span> <span class='ocrx_word' id='word_1_260' title='bbox 976 2627 1023 2664; x_wconf 82' lang='lat'>7:</span> <span class='ocrx_word' id='word_1_261' title='bbox 1062 2631 1245 2675; x_wconf 60' lang='grc' dir='ltr'><em>»τιμᾶται</em></span> <span class='ocrx_word' id='word_1_262' title='bbox 1280 2624 1332 2664; x_wconf 64' lang='grc' dir='ltr'>δέ</span> <span class='ocrx_word' id='word_1_263' title='bbox 1365 2642 1421 2673; x_wconf 87' lang='grc' dir='ltr'>τις</span> <span class='ocrx_word' id='word_1_264' title='bbox 1454 2625 1520 2665; x_wconf 80' lang='grc' dir='ltr'><em>καὶ</em></span> <span class='ocrx_word' id='word_1_265' title='bbox 1557 2629 1742 2679; x_wconf 79' lang='grc' dir='ltr'><em>Φαληροῖ</em></span> 
     </span>
     <span class='ocr_line' id='line_1_32' title="bbox 97 2698 623 2752; baseline 0.006 -16"><span class='ocrx_word' id='word_1_266' title='bbox 97 2698 196 2737; x_wconf 76' lang='grc' dir='ltr'><em>κατὰ</em></span> <span class='ocrx_word' id='word_1_267' title='bbox 229 2700 420 2751; x_wconf 82' lang='grc' dir='ltr'><em>πρύμναν</em></span> <span class='ocrx_word' id='word_1_268' title='bbox 455 2698 623 2752; x_wconf 71' lang='grc' dir='ltr'><em>ἥρως”).</em></span> 
     </span>
    </p>

    <p class='ocr_par' dir='ltr' id='par_1_5' title="bbox 97 2776 1739 3055">
     <span class='ocr_line' id='line_1_33' title="bbox 159 2776 1736 2825; baseline 0.002 -11"><span class='ocrx_word' id='word_1_269' title='bbox 159 2776 427 2815; x_wconf 90' lang='lat' dir='ltr'>Nausithous</span> <span class='ocrx_word' id='word_1_270' title='bbox 461 2777 505 2814; x_wconf 90' lang='lat' dir='ltr'>et</span> <span class='ocrx_word' id='word_1_271' title='bbox 537 2776 734 2825; x_wconf 83' lang='lat' dir='ltr'>Phaeax,</span> <span class='ocrx_word' id='word_1_272' title='bbox 771 2787 954 2824; x_wconf 87' lang='lat' dir='ltr'>quorum</span> <span class='ocrx_word' id='word_1_273' title='bbox 988 2777 1031 2815; x_wconf 91' lang='lat' dir='ltr'>in</span> <span class='ocrx_word' id='word_1_274' title='bbox 1065 2777 1274 2816; x_wconf 90' lang='lat' dir='ltr'>honorem</span> <span class='ocrx_word' id='word_1_275' title='bbox 1309 2789 1432 2817; x_wconf 86' lang='lat' dir='ltr'>sacra</span> <span class='ocrx_word' id='word_1_276' title='bbox 1465 2778 1736 2817; x_wconf 86' lang='lat' dir='ltr'>habebantur</span> 
     </span>
     <span class='ocr_line' id='line_1_34' title="bbox 99 2851 1739 2900; baseline 0.002 -11"><span class='ocrx_word' id='word_1_277' title='bbox 99 2851 343 2898; x_wconf 86' lang='lat' dir='ltr'>sacellaque</span> <span class='ocrx_word' id='word_1_278' title='bbox 378 2852 519 2899; x_wconf 89' lang='lat' dir='ltr'>posita</span> <span class='ocrx_word' id='word_1_279' title='bbox 551 2853 679 2890; x_wconf 88' lang='lat' dir='ltr'>erant</span> <span class='ocrx_word' id='word_1_280' title='bbox 712 2852 764 2890; x_wconf 91' lang='lat' dir='ltr'>ad</span> <span class='ocrx_word' id='word_1_281' title='bbox 799 2852 908 2890; x_wconf 87' lang='lat' dir='ltr'>Sciri</span> <span class='ocrx_word' id='word_1_282' title='bbox 941 2854 1319 2900; x_wconf 82' lang='lat' dir='ltr'>promunturium,</span> <span class='ocrx_word' id='word_1_283' title='bbox 1346 2853 1489 2892; x_wconf 88' lang='lat' dir='ltr'>locum</span> <span class='ocrx_word' id='word_1_284' title='bbox 1520 2854 1739 2893; x_wconf 89' lang='lat' dir='ltr'>Minervae</span> 
     </span>
     <span class='ocr_line' id='line_1_35' title="bbox 97 2925 1734 2979; baseline 0.003 -16"><span class='ocrx_word' id='word_1_285' title='bbox 97 2925 261 2964; x_wconf 86' lang='lat' dir='ltr'>Sciradi</span> <span class='ocrx_word' id='word_1_286' title='bbox 294 2936 493 2975; x_wconf 87' lang='lat' dir='ltr'>sacrum,</span> <span class='ocrx_word' id='word_1_287' title='bbox 529 2928 623 2965; x_wconf 90' lang='lat' dir='ltr'>noti</span> <span class='ocrx_word' id='word_1_288' title='bbox 656 2927 782 2966; x_wconf 89' lang='lat' dir='ltr'>nobis</span> <span class='ocrx_word' id='word_1_289' title='bbox 816 2929 920 2965; x_wconf 89' lang='lat' dir='ltr'>sunt</span> <span class='ocrx_word' id='word_1_290' title='bbox 952 2937 1006 2965; x_wconf 77' lang='lat' dir='ltr'>ex</span> <span class='ocrx_word' id='word_1_291' title='bbox 1035 2927 1242 2976; x_wconf 88' lang='lat' dir='ltr'>Odyssea.</span> <span class='ocrx_word' id='word_1_292' title='bbox 1277 2929 1443 2967; x_wconf 89' lang='lat' dir='ltr'>Heroes</span> <span class='ocrx_word' id='word_1_293' title='bbox 1476 2929 1610 2979; x_wconf 86' lang='lat' dir='ltr'>enim,</span> <span class='ocrx_word' id='word_1_294' title='bbox 1647 2930 1734 2976; x_wconf 88' lang='lat' dir='ltr'>qui-</span> 
     </span>
     <span class='ocr_line' id='line_1_36' title="bbox 100 3000 1733 3055; baseline 0.004 -18"><span class='ocrx_word' id='word_1_295' title='bbox 100 3000 179 3038; x_wconf 89' lang='lat' dir='ltr'>bus</span> <span class='ocrx_word' id='word_1_296' title='bbox 211 3003 363 3048; x_wconf 89' lang='lat' dir='ltr'>postea</span> <span class='ocrx_word' id='word_1_297' title='bbox 395 3000 441 3039; x_wconf 79' lang='grc' dir='ltr'>τὰ</span> <span class='ocrx_word' id='word_1_298' title='bbox 473 3002 731 3053; x_wconf 77' lang='grc' dir='ltr'><em>Κυβεριιήσια</em></span> <span class='ocrx_word' id='word_1_299' title='bbox 766 3002 1050 3051; x_wconf 88' lang='lat' dir='ltr'>habebantur,</span> <span class='ocrx_word' id='word_1_300' title='bbox 1078 3008 1154 3040; x_wconf 82' lang='grc' dir='ltr'>τῶν</span> <span class='ocrx_word' id='word_1_301' title='bbox 1183 3001 1472 3055; x_wconf 81' lang='grc' dir='ltr'><em>ὃολιχηρέτμων</em></span> <span class='ocrx_word' id='word_1_302' title='bbox 1490 3004 1733 3043; x_wconf 84' lang='lat' dir='ltr'>Phaeacum</span> 
     </span>
    </p>
   </div>
  </div>
 </body>
</html>
