2200 3487
465 334 546 371 190
937 346 990 373 DE
1021 345 1307 374 EUGAMMONIS
1339 345 1595 374 TELEGONIA.

457 458 646 497 indolem
695 460 950 507 prudentem
999 465 1067 497 τοῦ
1115 459 1284 509 χθονίων
1325 462 1426 497 θεοῦ
1469 459 1710 506 indicabat;
1754 459 1908 497 deinde
1950 468 1972 496 e
2013 458 2080 496 dis

460 534 616 572 mutati
653 534 696 571 in
728 544 852 582 reges
883 535 1104 582 mythicos
1137 537 1199 579 (ut
1230 535 1525 583 Amphiaraus
1557 535 1643 579 ille)
1676 544 1700 571 a
1731 535 1858 582 poeta
1890 533 2075 580 quodam

456 608 584 646 seriei
626 619 777 656 regum
819 609 1205 648 Orchomeniorum
1249 612 1352 648 sunt
1387 610 1558 657 inserti,
1593 611 1641 647 ut
1673 611 1852 657 apparet
1883 608 2078 655 inspecto

456 681 672 721 Pausania
699 685 776 731 IX,
809 685 878 732 37,
908 687 947 723 4.
976 685 1131 723 Narrat
1158 685 1275 722 enim
1304 684 1546 732 periegetes
1572 694 1717 731 regem
1737 683 2077 729 Orchomenum,

457 758 626 805 Minyae
663 758 821 807 filium,
846 760 1086 807 proyem‘em
1112 770 1193 797 non
1222 760 1449 806 reliquisse,
1478 760 1703 806 imperium
1728 759 1857 806 iyitur
1883 759 2079 797 transisse

454 832 495 869 in
525 832 783 880 Clymenum
810 833 1042 871 oriundum
1071 845 1125 872 ex
1154 834 1346 871 Athama
1372 833 1598 881 Laphystii
1625 844 1746 881 rege;
1771 835 1871 881 post
1888 836 2077 871 mortem

455 916 556 944 vero
599 907 834 955 Trophonii
876 910 920 946 et
960 908 1199 956 Agamedis
1230 909 1381 946 iterum
1412 909 1608 947 transisse
1638 918 1818 956 reynum
1848 909 1893 946 in
1924 917 2077 946 novum

452 993 582 1030 penus
615 984 758 1020 ortum
793 994 814 1021 e
848 983 983 1022 Marte
1016 984 1108 1022 deo.
1142 984 1261 1021 Idem
1294 984 1481 1022 fortasse
1511 985 1638 1031 poeta
1670 985 1872 1030 quartum
1900 983 2078 1022 heroem

452 1058 620 1096 invenit
652 1057 878 1105 Erginum,
914 1059 1083 1106 patrem
1117 1058 1352 1106 Trophonii
1385 1059 1428 1096 et
1453 1058 1712 1105 Agamedis‚
1741 1068 1820 1096 nec
1847 1057 2078 1096 obscurum

453 1133 635 1181 videtur,
664 1142 796 1180 quare
824 1142 922 1170 eum
954 1132 1122 1171 crearit.
1153 1132 1243 1181 Qua
1269 1132 1320 1171 de
1346 1142 1391 1171 re
1417 1133 1545 1181 paulo
1573 1133 1713 1171 fusius
1736 1133 1845 1170 mihi
1862 1133 2077 1181 agendum

453 1209 537 1256 est,
572 1217 670 1245 cum
703 1208 848 1255 ipsum
882 1207 1012 1245 huius
1044 1207 1312 1254 quaestionis
1346 1207 1568 1246 cardinem
1600 1209 1767 1255 tangat.

509 1283 612 1321 Inde
654 1292 678 1321 a
720 1284 915 1330 tempore
953 1282 1258 1329 antiquissimo
1291 1282 1562 1330 Trophonius
1594 1284 1638 1321 et
1670 1282 1803 1321 frater
1835 1284 2078 1321 structores

450 1358 574 1406 periti
600 1358 804 1396 videntur
831 1367 927 1395 esse
954 1357 1111 1404 habiti;
1142 1356 1378 1405 scriptores
1404 1359 1574 1406 tamen,
1604 1357 1678 1405 qui
1695 1359 1795 1396 ante
1813 1357 2078 1396 Pausaniam

452 1433 675 1482 vixerunt,
705 1433 865 1471 mirum
894 1432 945 1470 de
973 1442 1024 1470 ea
1050 1442 1094 1470 re
1117 1432 1295 1470 servant
1311 1431 1550 1470 silentium.
1569 1431 1730 1479 Hymn.
1749 1432 1889 1481 Apoll.
1909 1443 1972 1472 vs.
1993 1433 2077 1471 296

451 1508 641 1556 legimus
673 1508 872 1556 quidem:

740 1582 880 1620 λάϊνον
912 1580 1036 1619 οὐδὸν
1069 1580 1190 1630 ἔθηκε
1226 1581 1460 1632 Τροφώνιος
1492 1578 1554 1632 ἠδ’
1592 1581 1813 1633 Ἀγαμήδης

737 1657 834 1703 υἱεῖς
859 1653 1068 1708 Ἐργίνου,
1100 1657 1210 1706 φίλοι
1242 1655 1486 1695 ἀθανάτοισι
1517 1660 1675 1695 θεοῖσιν
1697 1654 1743 1708 ¹),

449 1733 521 1771 ubi
563 1734 614 1772 de
656 1734 748 1772 solo
789 1733 957 1781 lapideo
998 1733 1040 1771 in
1083 1733 1297 1781 Apollinis
1339 1733 1534 1781 Delphici
1566 1743 1690 1771 sacro
1722 1742 1868 1770 sermo
1900 1731 1966 1780 fit,
2002 1732 2078 1771 sed

447 1819 585 1856 neque
629 1809 892 1856 Herodotus,
936 1808 1038 1846 licet
1081 1808 1248 1847 duobus
1289 1808 1396 1846 locis
1428 1808 1480 1856 (I,
1516 1809 1591 1856 46,
1631 1808 1706 1855 ]2;
1740 1807 1861 1855 VIII,
1899 1808 1999 1855 134,
2036 1808 2076 1852 3)

447 1883 672 1921 oraculum
715 1883 951 1930 Trophonii
984 1884 1317 1931 cemmemoret,
1353 1882 1455 1920 licet
1486 1882 1735 1920 uberrimus
1767 1881 1826 1920 sit
1857 1882 1901 1919 in
1934 1892 2076 1920 narra-

446 1958 564 1996 tione
590 1959 641 1997 de
668 1958 874 1996 thesauro
902 1957 1217 2005 Rhampsiniti,
1246 1967 1356 2004 quae
1381 1957 1548 1996 homini
1567 1957 1635 1996 vel
1654 1957 1849 1996 maxime
1866 1957 2077 1996 oblivioso

446 2033 674 2071 historiam
703 2033 754 2071 de
781 2034 994 2071 architecto
1021 2032 1270 2080 Trophonio
1297 2033 1340 2070 in
1368 2033 1629 2070 memoriam
1658 2042 1863 2071 revocare
1884 2032 2076 2080 deberet,

446 2117 583 2155 neque
630 2108 785 2155 tragici
833 2108 970 2145 ullum
1019 2108 1202 2146 verbum
1251 2108 1302 2145 de
1349 2107 1425 2145 hac
1472 2107 1707 2156 Trophonii
1754 2108 2076 2155 Agamedisque

445 2184 598 2231 peritia
646 2183 807 2221 dicunt.
857 2183 1082 2230 Euripides
1130 2183 1439 2221 tantummodo
1486 2182 1680 2229 loquitur
1725 2183 1829 2227 (Ion.
1879 2192 1942 2220 vs.
1977 2182 2076 2227 300)

446 2259 497 2296 de
540 2261 674 2308 σηκοῖς
720 2257 978 2305 Τροφωνίου,
1018 2258 1044 2295 i.
1089 2267 1123 2295 e.
1170 2257 1220 2295 de
1264 2267 1387 2295 sacro
1429 2257 1538 2296 loco.
1584 2257 1747 2296 Comici
1784 2267 1970 2304 quoque,
2004 2257 2076 2304 qui

445 2334 726 2372 vehementer
758 2333 801 2370 in
835 2333 1078 2370 vanitatem
1114 2332 1242 2370 huius
1275 2332 1601 2380 superstitionis
1633 2332 1795 2370 invecti
1822 2334 1925 2370 sunt
1947 2329 1994 2380 ²),
2024 2332 2076 2371 de

445 2411 538 2446 arte
572 2407 825 2446 aedificandi
859 2406 1006 2445 οὐδένα
1039 2406 1170 2456 λόγον.
1204 2407 1446 2455 suspiceris
1479 2407 1568 2445 fere
1602 2409 1739 2445 totam
1770 2407 2075 2454 antiquitatem

447 2494 655 2521 versuum
689 2483 902 2529 Apollinis
936 2482 1099 2530 Hymni
1131 2479 1268 2520 fuisse
1302 2482 1486 2520 oblitam
1519 2492 1656 2530 usque
1688 2482 1739 2520 ad
1768 2482 2075 2529 scholiastam,

446 2559 517 2605 qui
558 2558 665 2596 Nub.
709 2559 793 2596 508
828 2558 1056 2596 observat:
1107 2560 1216 2606 „(Tp.
1260 2555 1325 2594 καὶ
1361 2561 1420 2602 Ἀ.)
1454 2556 1520 2594 τὸν
1554 2556 1595 2594 ἐν
1631 2560 1802 2604 Δελφοῖς
1835 2557 2075 2602 Ἀπόλλωνος

447 2633 544 2669 ναὸν
589 2631 911 2682 ἡογολάβησαιι”.
954 2633 1129 2671 Dixeris
1171 2633 1452 2680 Trophonum
1495 2632 1668 2671 Graecis
1704 2633 1884 2670 Periclis
1917 2633 2077 2670 aetatis

445 2719 614 2746 merum
660 2709 806 2745 vatem
849 2707 1000 2755 fuisse,
1047 2707 1241 2755 quinimo
1284 2707 1491 2745 audacius
1534 2708 1769 2745 conieceris
1802 2717 1955 2745 versus
1987 2707 2073 2745 lau-

491 2908 516 2947 ι)
542 2910 593 2940 Cf.
619 2910 835 2940 Allen-Sikee
860 2910 932 2939 The
957 2909 1048 2938 hom.
1074 2909 1205 2947 Hymns
1229 2909 1271 2938 ad
1298 2909 1363 2938 loc.

487 2968 513 3008 2)
550 2971 626 3001 vid.
661 2980 714 3009 ap.
752 2970 958 3000 Meinekium
992 2969 1114 3007 fragm.
1141 2970 1292 3006 Cratini,
1319 2967 1563 3007 Cephisodori,
1589 2967 1763 3003 Alexidis,
1788 2968 1968 2998 Menandri
1993 2977 2020 2998 s,
2044 2977 2074 2997 v.

446 3031 677 3069 Trophonius,
