2200 3487
515 341 564 380 16
1201 348 1254 376 DE
1286 347 1431 376 ArAcE.

511 465 810 512 Telamonius,
843 466 892 502 ut
935 473 1044 501 sana
1086 462 1228 510 poscit
1269 461 1405 509 ratio,
1450 460 1493 498 in
1526 460 1683 499 mediis
1715 459 1850 508 copiis
1882 459 1974 498 suis
2006 459 2128 499 ducis

508 540 648 580 officio
706 541 992 589 perfungitur,
1046 538 1275 577 Locrensis
1323 537 1458 584 copiis
1505 537 1597 575 suis
1643 536 1826 585 relictis,
1874 536 1998 583 quasi
2044 546 2130 574 non

507 617 743 665 imperator
774 616 849 654 sed
875 613 1085 663 ἐθελοντής
1113 615 1249 661 esset,
1278 613 1402 650 iuxta
1422 611 1729 651 Telamonium
1746 611 1940 650 hostium
1958 610 2130 659 repellit

507 693 734 741 impetum.
783 690 866 729 Cur
908 700 1010 728 vero
1052 689 1290 727 Locrenses
1330 687 1484 725 ducem
1518 697 1647 725 suum
1681 697 1766 725 non
1798 687 1923 725 erant
1955 685 2127 724 secuti?

508 767 756 816 Respondet
788 767 940 814 poeta:

804 839 850 878 οὐ
882 839 956 891 γάρ
989 852 1060 887 σφι
1092 837 1231 892 σταδίῃ
1263 836 1411 891 ὑσμίνῃ
1437 833 1574 887 ’μίμνε
1606 836 1724 885 φίλον
1756 841 1842 887 κῆρ·

804 914 851 954 οὐ
883 914 957 966 γὰρ
989 913 1078 964 ἕχον
1109 913 1290 964 κόρυθας
1321 912 1540 963 χαλκήρεας
1573 911 1855 961 ἱπποδασείας,

805 987 892 1029 οὐδ’
930 989 1017 1040 ἔχον
1051 987 1224 1035 ἀσπίδας
1256 987 1478 1034 εὐκύκλους
1510 986 1576 1026 καὶ
1608 988 1762 1038 μείλινα
1794 987 1938 1037 δοῦρα,

803 1062 881 1104 ἀλλ’
917 1063 993 1115 ἄρα
1026 1064 1197 1111 τόξοισιν
1228 1063 1294 1102 καὶ
1327 1060 1530 1114 ἐυστρεφέ’
1569 1063 1651 1110 οἰὸς
1684 1062 1795 1118 ἀώτῳ

806 1141 944 1179 Ρίλιον
978 1140 1030 1186 εἲς
1063 1136 1130 1189 ἅμ’
1167 1138 1310 1178 ἕποντο
1341 1138 1598 1189 πεποιθότες,
1629 1134 1732 1177 οἷσιν
1764 1138 1896 1177 ἔπειτα

803 1214 956 1266 ταρφέα
989 1216 1199 1265 βάλλοντες
1235 1215 1382 1265 Τρώων
1408 1213 1623 1266 ’ῥήγνυντο
1657 1215 1874 1266 φάλαγγας.

569 1293 768 1333 Arcubus
783 1293 916 1340 igitur
943 1294 987 1330 et
1017 1291 1160 1330 fundis
1186 1291 1390 1329 instructi
1417 1293 1542 1329 erant
1567 1292 1822 1339 Locrenses,
1852 1301 1951 1329 cum
1979 1300 2127 1329 eorum

509 1372 597 1410 dux
629 1370 805 1408 hastam
837 1368 1028 1416 gerebat.
1060 1367 1168 1406 Leaf
1197 1367 1379 1405 coniecit
1411 1369 1585 1414 poetam
1618 1368 1769 1405 contra
1799 1365 1929 1404 fidem
1960 1366 2129 1404 histori-

509 1456 605 1484 cam
656 1444 840 1483 arcubus
881 1444 1120 1482 Locrenses
1167 1451 1362 1480 armasse
1409 1452 1484 1490 pro
1531 1452 1676 1480 rerum
1725 1441 2003 1488 antiquarum
2050 1451 2129 1479 suo

509 1531 671 1568 amore,
699 1519 952 1567 sagittarios
979 1518 1097 1556 enim
1125 1518 1363 1555 Locrenses
1388 1526 1473 1554 non
1501 1517 1649 1555 fuisse.
1676 1517 1845 1555 Laudat
1867 1517 2130 1555 Pausaniam

507 1595 807 1644 perhibentem
835 1593 1066 1632 Cretenses
1093 1591 1209 1630 solos
1236 1591 1477 1638 antiquitus
1503 1591 1639 1630 fuisse
1665 1592 1934 1641 sagittarios,
1953 1592 2132 1631 Locren-

507 1681 578 1709 ses
605 1672 772 1718 autem,
801 1669 873 1716 qui
901 1668 1013 1717 apud
1041 1667 1282 1706 Hesiodum
1312 1666 1445 1712 (scut.
1474 1677 1538 1705 vs.
1569 1668 1638 1712 25)
1667 1670 1875 1706 vocentur
1901 1665 2131 1719 ἀγχεμάχοι,

504 1746 678 1784 Persico
710 1755 878 1792 quoque
909 1744 1022 1782 bello
1054 1743 1271 1781 meruisse
1305 1742 1508 1791 hoplitas.

568 1820 903 1868 Antiquissimis
930 1821 1079 1857 autem
1107 1817 1378 1866 temporibus
1400 1819 1572 1865 praeter
1589 1816 1821 1857 Cretenses
1839 1818 1948 1857 alios
1964 1828 2134 1866 quoque

509 1896 763 1944 sagittarios
794 1895 928 1934 fuisse
962 1895 1120 1933 docent
1151 1893 1317 1941 Apollo,
1352 1892 1580 1941 Hercules,
1608 1893 1818 1943 Eurytus,
1847 1894 2132 1942 Philoctetes,

507 1971 679 2019 UlixeS,
714 1970 958 2018 Pandarus,
993 1979 1015 2007 e
1043 1968 1247 2007 Graeciae
1275 1968 1358 2006 orti
1385 1968 1634 2015 regionibus
1661 1968 1977 2008 diversissimis
2003 1972 2132 2018 atque

507 2057 660 2085 omnes
691 2045 853 2092 τοξόται.
887 2045 1002 2094 Quae
1035 2045 1183 2082 autem
1214 2044 1296 2081 fuit
1323 2053 1472 2091 causa,
1503 2053 1577 2081 cur
1604 2043 1686 2091 ipsi
1714 2044 1810 2082 duci
1837 2054 1984 2083 arcum
2004 2047 2131 2093 poeta

506 2123 714 2170 negavit?
756 2121 869 2159 Num
902 2120 1013 2158 forte
1045 2119 1159 2157 Aiax
1190 2118 1292 2156 talis
1324 2118 1368 2156 in
1401 2118 1648 2156 auditorum
1681 2119 1901 2157 mentibus
1935 2120 2128 2170 vivebat,

509 2200 555 2236 ut
595 2197 873 2244 sagittarium
917 2195 1088 2243 depingi
1122 2204 1222 2232 eum
1255 2203 1383 2241 posse
1422 2194 1700 2241 desperaret?
1732 2194 1904 2233 Scimus
1936 2197 2127 2244 poetam,

507 2274 574 2311 cui
607 2273 817 2311 debemus
863 2281 1016 2309 versus
1062 2271 1091 2307 B
1133 2270 1217 2308 529
1261 2279 1374 2317 sqq,
1419 2269 1616 2317 apposite
1649 2269 1923 2317 perhibuisse
1956 2271 2131 2309 heroem

508 2349 636 2386 hasta
667 2358 751 2386 non
784 2357 883 2385 arcu
921 2346 1056 2384 fuisse
1089 2346 1380 2383 instructum:

1156 2418 1287 2472 ὀλίγος
1321 2417 1392 2470 μὲν
1426 2419 1496 2470 ἔην
1528 2420 1775 2471 λινοθώρηξ,

804 2497 929 2551 ἐγχείῃ
963 2493 998 2534 δ’
1019 2494 1202 2534 ἐκέκαστο
1236 2494 1495 2545 Πανέλληνας
1527 2494 1589 2533 καὶ
1624 2497 1810 2547 Ἀχαιούς.

568 2575 783 2613 Hastatus
830 2575 961 2622 igitur
1009 2575 1052 2611 et
1082 2572 1330 2621 λινοθώρηξ,
1365 2572 1515 2619 quales
1548 2574 1673 2610 erant
1704 2573 1918 2611 Adrastus
1952 2573 1998 2617 (B
2030 2573 2130 2619 830)

509 2650 725 2697 ceterique
759 2649 907 2697 Argivi
950 2648 1157 2693 (Certam.
1201 2648 1329 2687 Hom.
1375 2649 1417 2686 et
1457 2648 1633 2687 Hesiod.
1679 2650 1796 2697 569),
1841 2649 1954 2686 Aiax
1987 2650 2129 2688 minor

509 2726 834 2774 depingebatur.
870 2725 994 2764 Alius
1028 2736 1128 2764 vero
1157 2727 1269 2774 erat,
1298 2725 1455 2763 melius
1482 2724 1555 2771 qui
1573 2724 1709 2762 armis
1726 2724 1818 2762 suis
1836 2734 1933 2762 cum
1953 2724 2132 2763 Locren-

510 2801 631 2840 sibus
685 2801 928 2848 sagittariis
985 2801 1256 2849 conveniret,
1307 2810 1462 2848 nempe
1509 2799 1673 2838 Teucer
1719 2799 1970 2838 Telamonis
2015 2799 2131 2838 filius

510 2876 690 2925 nothus,
735 2875 915 2913 maioris
957 2876 1106 2914 Aiacis
1154 2877 1290 2915 frater
1322 2876 1446 2922 τόξων
1478 2873 1522 2913 ἐὺ
1552 2875 1707 2920 ἱειὸώς.
1743 2875 1859 2923 Quod
1893 2875 1946 2913 ad
1978 2875 2132 2913 Aiaces

511 2951 688 3000 attinet,
736 2951 816 2988 hac
863 2960 1031 2997 quoque
1079 2952 1121 2988 in
1170 2962 1215 2990 re
1262 2952 1376 2990 inter
1408 2961 1455 2989 se
1488 2951 1773 2999 conveniunt,
1807 2950 1918 2997 quod
1951 2951 2131 2997 uterque

511 3036 684 3074 semper
716 3026 797 3064 fuit
830 3025 1025 3064 hastifer.
