2141 3487
845 324 897 351 DE
931 325 1072 352 AIACE.
1692 315 1772 352 125

144 447 320 484 sumus,
355 439 456 485 quin
492 438 624 476 simul
659 438 905 485 cogitemus
938 438 989 476 de
1021 438 1151 476 huius
1184 437 1303 475 urbis
1335 436 1573 487 μητροπόλει
1606 439 1632 475 i.
1658 448 1692 476 e.
1728 439 1778 475 de

146 514 323 553 Locride
369 515 484 562 ipsa;
533 510 556 562 ἡ
599 511 750 550 παλαιὰ
796 515 944 551 autem
987 512 1100 563 ὕβρις
1144 512 1265 551 nulla
1308 513 1394 551 alia
1435 513 1572 551 fuisse
1607 514 1778 552 videtur

144 599 274 637 quam
322 586 346 638 ἡ
389 594 458 626 τοῦ
506 588 686 634 Αἴαντος.
730 588 835 627 Ecce
877 589 972 637 ipsa
1013 589 1057 627 in
1100 588 1279 627 Locride
1323 586 1525 626 sacrificii
1568 589 1774 637 vestigia,

143 664 378 703 dummodo
412 664 543 703 verba
574 662 775 712 ἀφοσιοῦν
808 663 876 710 τὰς
909 663 1030 714 κόρας
1063 664 1170 703 bene
1203 663 1527 711 intellegamus.

201 739 404 788 Virgines
451 739 736 787 Babyloniae,
785 740 847 778 ita
890 739 1021 778 refert
1062 740 1329 788 HerodotuS,
1368 738 1499 788 ηᾶπαξ
1543 736 1585 776 ἐν
1627 744 1673 792 τῇ
1707 738 1775 792 ζόῃ

143 812 336 866 ἕμίγησαν
368 812 485 864 ἀνδρὶ
513 814 668 869 ξείνῳ”.
702 815 870 863 Pergit:
905 813 1052 864 ηὲπεὰν
1081 812 1123 853 δὲ
1151 818 1276 869 μιχθῇ
1303 813 1612 864 ἀποσιωσαμένη
1630 820 1675 867 τῇ
1692 817 1774 868 θεῷ

141 888 434 927 ἀπαλλάσσεται
481 888 518 935 ἐς
564 888 610 927 τὰ
643 889 790 927 οἰκία”.
839 890 1025 929 Domum
1070 891 1307 929 revertitur
1344 890 1508 939 puella,
1542 891 1773 939 postquam

140 966 245 1005 deae
277 965 477 1014 genitrici
511 965 813 1013 virginitatem
848 975 975 1004 suam
1009 965 1287 1005 sacrificavit,

201 1041 371 1079 Itemne
420 1041 609 1089 virgines
662 1041 900 1080 Locrenses
942 1041 1035 1089 lege
1077 1052 1233 1080 severa
1279 1045 1458 1082 coactae
1501 1047 1627 1083 erant
1668 1046 1773 1084 deae

139 1102 382 1155 fertilitatis
437 1126 569 1164 supra
627 1126 650 1154 a
707 1115 831 1154 nobis
887 1118 1160 1155 memoratae
1217 1128 1264 1156 se
1312 1119 1525 1167 metipsas
1570 1121 1774 1159 tradere?

140 1191 309 1230 Fierine
341 1193 484 1239 potest
515 1194 564 1229 ut
592 1191 673 1229 hac
705 1200 727 1229 e
759 1192 1076 1230 consuetudine
1110 1192 1396 1242 explicandus
1429 1195 1487 1233 sit
1519 1205 1616 1234 mos
1643 1206 1775 1244 supra

140 1269 432 1315 memoratus,
492 1276 593 1314 quo,
652 1268 701 1305 ut
753 1267 1096 1315 coniciebamus‚
1146 1268 1339 1316 virgines
1387 1269 1555 1318 aliquot
1601 1272 1773 1310 numini

138 1342 306 1390 piaculo
339 1342 634 1381 offerrentur?
662 1342 757 1390 Vel,
793 1343 830 1380 si
863 1343 966 1381 talis
1000 1343 1233 1391 explicatio
1266 1344 1398 1383 nimis
1432 1346 1605 1385 videtur
1636 1349 1773 1386 teme-

139 1418 253 1456 raria
294 1416 712 1465 difficultatibusque
754 1418 933 1457 invictis
967 1419 1173 1471 obnoxia,
1204 1420 1375 1458 ratione
1407 1421 1597 1460 fortasse
1630 1423 1776 1470 aliqua

138 1494 252 1532 inter
281 1494 643 1532 consuetudinem
673 1494 1061 1542 Epizephyriorum
1087 1497 1130 1533 et
1148 1505 1315 1534 morem
1345 1496 1576 1536 Iliensium
1595 1501 1776 1538 exstat?

138 1569 224 1607 Res
261 1571 378 1607 certe
419 1569 462 1607 in
506 1569 598 1607 solo
641 1569 829 1607 Troiano
872 1572 1049 1617 peracta
1081 1570 1313 1619 philologis
1345 1582 1429 1610 non
1466 1573 1682 1613 videbitur
1714 1575 1775 1613 in-

137 1644 285 1692 digna,
322 1645 446 1682 cuius
479 1644 690 1692 originem
725 1644 861 1683 altius
891 1647 1157 1684 scrutemur.

197 1719 255 1758 At
302 1719 371 1758 hic
417 1720 651 1758 haeremus
693 1719 997 1759 dubitabundi.
1048 1720 1155 1770 Quid
1199 1722 1350 1761 enim?
1392 1723 1593 1773 Virgines
1635 1737 1776 1766 omnes

135 1795 285 1833 Locris
330 1794 631 1843 Epizephyriis
679 1805 849 1834 necnon
897 1795 1086 1835 fortasse
1133 1797 1230 1845 ipsa
1286 1798 1330 1835 in
1378 1799 1556 1839 Locride
1604 1803 1775 1841 numini

135 1870 418 1909 fecunditatis
465 1870 618 1908 florem
662 1881 795 1909 suum
838 1871 1073 1920 debebant,
1118 1883 1216 1911 cum
1250 1884 1414 1922 paucae
1446 1876 1488 1913 in
1522 1876 1688 1916 Troade
1722 1879 1774 1917 ad

136 1946 264 1985 deam
305 1946 566 1994 placandam
608 1946 719 1985 satis
762 1949 959 1986 essent?
990 1948 1222 1987 Diversine
1254 1950 1388 1998 igitur
1420 1951 1599 1990 fuerunt
1631 1963 1777 1993 mores

137 2023 421 2062 Locrensium
468 2023 512 2060 in
558 2022 689 2061 Italia
736 2025 779 2061 et
826 2024 870 2062 in
917 2024 1084 2063 Troade
1131 2025 1405 2074 degentium,
1447 2026 1550 2065 licet
1592 2030 1774 2076 uterque

136 2098 249 2137 ritus
281 2099 334 2137 ad
368 2108 501 2137 unam
534 2098 806 2146 eandemque
839 2099 1074 2138 referretur
1106 2099 1272 2139 αἰτίανῖ)

197 2175 265 2213 An
297 2175 409 2213 forte
441 2184 557 2222 mos,
593 2174 742 2222 qui'in
775 2175 942 2214 Troade
974 2186 1214 2224 paucarum
1249 2177 1452 2225 exigebat
1485 2177 1769 2229 sacrificium,

135 2250 198 2288 ita
237 2252 436 2288 mutatus
479 2252 546 2288 est
579 2260 601 2288 e
634 2251 815 2289 Locride
858 2251 901 2289 in
935 2252 1108 2290 Italiam
1140 2253 1454 2301 transmissus,
1491 2257 1538 2292 ut
1570 2257 1659 2294 tam
1695 2266 1769 2295 nu-

135 2335 282 2364 merus
308 2326 551 2374 puellarum
580 2336 711 2373 quam
739 2326 940 2365 sacrificii
968 2338 1106 2375 genus
1133 2328 1463 2376 discreparent?
1499 2330 1628 2368 Aliud
1652 2331 1768 2370 enim

134 2402 202 2439 est
234 2401 536 2449 virginitatem
569 2402 758 2449 solvere,
793 2402 910 2441 aliud
943 2403 1230 2451 semetipsam
1265 2405 1359 2442 toto
1393 2414 1568 2452 corpore
1600 2407 1769 2445 numini

132 2475 320 2514 tradere.
365 2475 462 2523 Est;
507 2476 582 2515 sed
625 2486 711 2515 non
755 2477 818 2515 ita
855 2477 1062 2516 differunt
1104 2479 1148 2516 hi
1189 2488 1352 2527 mores,
1405 2481 1453 2518 ut
1490 2480 1608 2519 nullo
1641 2483 1768 2521 modo

134 2551 247 2589 inter
272 2561 318 2589 se
347 2551 546 2599 componi
587 2552 776 2600 possint;
806 2554 1103 2600 quaerendum
1131 2556 1200 2593 est
1231 2555 1455 2594 vinculum
1484 2566 1568 2603 quo
1595 2559 1768 2596 coniun-

134 2628 293 2674 gantur
324 2627 440 2665 inter
474 2637 584 2666 sese.

193 2702 423 2741 Auxilium
451 2702 537 2741 fert
565 2703 808 2751 episodium
838 2704 889 2742 de
903 2703 1173 2744 Cassandrae
1192 2706 1380 2753 quodam
1398 2707 1440 2744 in
1459 2706 1629 2746 Daunia
1647 2708 1767 2747 cultu.

135 2778 374 2814 tractatum
392 2777 435 2814 in
453 2777 705 2816 Alexandra
723 2778 774 2816 ab
793 2778 1074 2827 Lycophrone
1094 2783 1128 2824 (v
1139 2791 1196 2819 ss.
1221 2782 1419 2820 1128-1
1432 2784 1541 2825 141),
1572 2782 1766 2822 Observa

135 2851 215 2890 hoc
258 2852 502 2899 episodium
544 2852 678 2890 talem
722 2852 865 2892 locum
907 2854 951 2892 in
994 2855 1291 2903 Lycophronis
1324 2857 1516 2895 carmine
1549 2858 1760 2907 obtinere,

133 2928 181 2963 ut
227 2926 346 2965 nullo
389 2926 474 2966 alio
517 2927 776 2976 interposito
808 2929 961 2973 statim
995 2929 1123 2978 illud,
1159 2931 1271 2978 quod
1304 2934 1405 2979 agat
1438 2932 1488 2969 de
1521 2932 1764 2980 virginibus

134 3001 419 3040 Locrensibus
452 3002 494 3040 in
528 3002 740 3042 Troadem
775 3004 944 3050 missis,
979 3006 1225 3052 praecedat.
