<?xml version="1.0" encoding="UTF-8"?>
<!DOCTYPE html PUBLIC "-//W3C//DTD XHTML 1.0 Transitional//EN"
    "http://www.w3.org/TR/xhtml1/DTD/xhtml1-transitional.dtd">
<html xmlns="http://www.w3.org/1999/xhtml" xml:lang="en" lang="en">
 <head>
  <title>
</title>
<meta http-equiv="Content-Type" content="text/html;charset=utf-8" />
  <meta name='ocr-system' content='tesseract 3.04.00' />
  <meta name='ocr-capabilities' content='ocr_page ocr_carea ocr_par ocr_line ocrx_word'/>
</head>
<body>
  <div class='ocr_page' id='page_1' title='image "./deaiacisoriginec00vr_0051.png"; bbox 0 0 2141 3487; ppageno 0'>
   <div class='ocr_carea' id='block_1_1' title="bbox 809 290 1739 328">
    <p class='ocr_par' dir='ltr' id='par_1_1' title="bbox 809 290 1739 328">
     <span class='ocr_line' id='line_1_1' title="bbox 809 290 1739 328; baseline -0.002 0"><span class='ocrx_word' id='word_1_1' title='bbox 809 300 863 328; x_wconf 79' lang='lat' dir='ltr'>DE</span> <span class='ocrx_word' id='word_1_2' title='bbox 895 299 1040 327; x_wconf 76' lang='lat' dir='ltr'>A1AcE.</span> <span class='ocrx_word' id='word_1_3' title='bbox 1685 290 1739 326; x_wconf 74' lang='lat'>39</span> 
     </span>
    </p>
   </div>
   <div class='ocr_carea' id='block_1_2' title="bbox 101 414 1747 2366">
    <p class='ocr_par' dir='ltr' id='par_1_2' title="bbox 102 414 1747 1074">
     <span class='ocr_line' id='line_1_2' title="bbox 113 414 1746 464; baseline -0.002 -6"><span class='ocrx_word' id='word_1_4' title='bbox 113 418 291 457; x_wconf 86' lang='lat' dir='ltr'>Homeri</span> <span class='ocrx_word' id='word_1_5' title='bbox 335 416 601 456; x_wconf 88' lang='lat' dir='ltr'><strong>carminibus</strong></span> <span class='ocrx_word' id='word_1_6' title='bbox 642 415 920 464; x_wconf 81' lang='lat' dir='ltr'>reperiretur,</span> <span class='ocrx_word' id='word_1_7' title='bbox 964 414 1090 453; x_wconf 86' lang='lat' dir='ltr'>facile</span> <span class='ocrx_word' id='word_1_8' title='bbox 1132 414 1268 453; x_wconf 89' lang='lat' dir='ltr'>videri</span> <span class='ocrx_word' id='word_1_9' title='bbox 1311 416 1483 463; x_wconf 85' lang='lat' dir='ltr'>poterat</span> <span class='ocrx_word' id='word_1_10' title='bbox 1517 415 1568 453; x_wconf 92' lang='lat' dir='ltr'>ob</span> <span class='ocrx_word' id='word_1_11' title='bbox 1600 416 1746 454; x_wconf 82' lang='lat' dir='ltr'>Aiacis</span> 
     </span>
     <span class='ocr_line' id='line_1_3' title="bbox 108 489 1743 539; baseline -0.003 -6"><span class='ocrx_word' id='word_1_12' title='bbox 108 494 252 533; x_wconf 87' lang='lat' dir='ltr'>scelus</span> <span class='ocrx_word' id='word_1_13' title='bbox 299 502 396 532; x_wconf 88' lang='lat' dir='ltr'>esse</span> <span class='ocrx_word' id='word_1_14' title='bbox 442 493 735 539; x_wconf 88' lang='lat' dir='ltr'>commotum;</span> <span class='ocrx_word' id='word_1_15' title='bbox 785 491 860 529; x_wconf 91' lang='lat' dir='ltr'>sed</span> <span class='ocrx_word' id='word_1_16' title='bbox 907 490 1052 539; x_wconf 91' lang='lat' dir='ltr'>potius</span> <span class='ocrx_word' id='word_1_17' title='bbox 1100 489 1445 538; x_wconf 83' lang='lat' dir='ltr'>amplectebatur</span> <span class='ocrx_word' id='word_1_18' title='bbox 1490 491 1576 529; x_wconf 85' lang='lat' dir='ltr'>tria</span> <span class='ocrx_word' id='word_1_19' title='bbox 1623 501 1743 539; x_wconf 89' lang='lat' dir='ltr'>argu—</span> 
     </span>
     <span class='ocr_line' id='line_1_4' title="bbox 106 566 1747 609; baseline -0.002 -1"><span class='ocrx_word' id='word_1_20' title='bbox 106 571 274 609; x_wconf 86' lang='lat' dir='ltr'>menta:</span> <span class='ocrx_word' id='word_1_21' title='bbox 302 568 557 606; x_wconf 83' lang='lat' dir='ltr'>inimicitias</span> <span class='ocrx_word' id='word_1_22' title='bbox 585 568 699 606; x_wconf 87' lang='lat' dir='ltr'>inter</span> <span class='ocrx_word' id='word_1_23' title='bbox 725 567 967 606; x_wconf 90' lang='lat' dir='ltr'>Minervam</span> <span class='ocrx_word' id='word_1_24' title='bbox 995 568 1037 604; x_wconf 88' lang='lat' dir='ltr'>et</span> <span class='ocrx_word' id='word_1_25' title='bbox 1061 566 1218 605; x_wconf 90' lang='lat' dir='ltr'>Aiaces</span> <span class='ocrx_word' id='word_1_26' title='bbox 1251 567 1383 605; x_wconf 88' lang='lat' dir='ltr'>certis</span> <span class='ocrx_word' id='word_1_27' title='bbox 1415 566 1588 605; x_wconf 89' lang='lat' dir='ltr'>indiciis</span> <span class='ocrx_word' id='word_1_28' title='bbox 1619 567 1663 604; x_wconf 90' lang='lat' dir='ltr'>in</span> <span class='ocrx_word' id='word_1_29' title='bbox 1703 569 1747 604; x_wconf 76' lang='grc' dir='ltr'><strong><em>Ψ</em></strong></span> 
     </span>
     <span class='ocr_line' id='line_1_5' title="bbox 106 641 1742 691; baseline -0.002 -7"><span class='ocrx_word' id='word_1_30' title='bbox 106 645 342 691; x_wconf 83' lang='lat' dir='ltr'>indicatas;</span> <span class='ocrx_word' id='word_1_31' title='bbox 371 644 583 682; x_wconf 86' lang='lat' dir='ltr'>vindicias</span> <span class='ocrx_word' id='word_1_32' title='bbox 611 643 821 682; x_wconf 89' lang='lat' dir='ltr'>Troianae</span> <span class='ocrx_word' id='word_1_33' title='bbox 849 643 956 681; x_wconf 88' lang='lat' dir='ltr'>deae</span> <span class='ocrx_word' id='word_1_34' title='bbox 982 642 1186 680; x_wconf 88' lang='lat' dir='ltr'>tutelaris</span> <span class='ocrx_word' id='word_1_35' title='bbox 1213 642 1255 680; x_wconf 93' lang='lat' dir='ltr'>in</span> <span class='ocrx_word' id='word_1_36' title='bbox 1284 642 1474 681; x_wconf 86' lang='lat' dir='ltr'>victores</span> <span class='ocrx_word' id='word_1_37' title='bbox 1501 641 1620 680; x_wconf 87' lang='lat' dir='ltr'>urbis</span> <span class='ocrx_word' id='word_1_38' title='bbox 1638 652 1742 681; x_wconf 87' lang='lat' dir='ltr'>suae</span> 
     </span>
     <span class='ocr_line' id='line_1_6' title="bbox 105 717 1740 768; baseline -0.003 -8"><span class='ocrx_word' id='word_1_39' title='bbox 105 723 249 768; x_wconf 87' lang='lat' dir='ltr'>actas;</span> <span class='ocrx_word' id='word_1_40' title='bbox 293 720 512 758; x_wconf 87' lang='lat' dir='ltr'>Minervae</span> <span class='ocrx_word' id='word_1_41' title='bbox 549 720 662 758; x_wconf 88' lang='lat' dir='ltr'>iram</span> <span class='ocrx_word' id='word_1_42' title='bbox 694 719 812 757; x_wconf 85' lang='lat' dir='ltr'>Iovis</span> <span class='ocrx_word' id='word_1_43' title='bbox 846 718 908 756; x_wconf 91' lang='lat' dir='ltr'>illi</span> <span class='ocrx_word' id='word_1_44' title='bbox 940 717 1136 756; x_wconf 87' lang='lat' dir='ltr'>similem</span> <span class='ocrx_word' id='word_1_45' title='bbox 1170 717 1222 756; x_wconf 92' lang='lat' dir='ltr'>ob</span> <span class='ocrx_word' id='word_1_46' title='bbox 1256 718 1474 756; x_wconf 85' lang='lat' dir='ltr'>victorum</span> <span class='ocrx_word' id='word_1_47' title='bbox 1508 718 1740 756; x_wconf 87' lang='lat' dir='ltr'>immodes-</span> 
     </span>
     <span class='ocr_line' id='line_1_7' title="bbox 102 794 1741 844; baseline -0.002 -9"><span class='ocrx_word' id='word_1_48' title='bbox 102 797 211 835; x_wconf 89' lang='lat' dir='ltr'>tiam</span> <span class='ocrx_word' id='word_1_49' title='bbox 254 798 434 835; x_wconf 89' lang='lat' dir='ltr'>motam.</span> <span class='ocrx_word' id='word_1_50' title='bbox 468 796 569 835; x_wconf 88' lang='lat' dir='ltr'>Tria</span> <span class='ocrx_word' id='word_1_51' title='bbox 601 796 709 835; x_wconf 86' lang='lat' dir='ltr'>haec</span> <span class='ocrx_word' id='word_1_52' title='bbox 741 796 1023 844; x_wconf 89' lang='lat' dir='ltr'>argumenta,</span> <span class='ocrx_word' id='word_1_53' title='bbox 1059 804 1169 842; x_wconf 89' lang='lat' dir='ltr'>quae</span> <span class='ocrx_word' id='word_1_54' title='bbox 1201 794 1317 833; x_wconf 89' lang='lat' dir='ltr'>haud</span> <span class='ocrx_word' id='word_1_55' title='bbox 1351 794 1478 833; x_wconf 90' lang='lat' dir='ltr'>dubie</span> <span class='ocrx_word' id='word_1_56' title='bbox 1511 794 1741 841; x_wconf 88' lang='lat' dir='ltr'>aliquando</span> 
     </span>
     <span class='ocr_line' id='line_1_8' title="bbox 102 870 1740 922; baseline -0.003 -9"><span class='ocrx_word' id='word_1_57' title='bbox 102 884 128 913; x_wconf 89' lang='lat' dir='ltr'>a</span> <span class='ocrx_word' id='word_1_58' title='bbox 183 873 412 922; x_wconf 89' lang='lat' dir='ltr'>rhapsodis</span> <span class='ocrx_word' id='word_1_59' title='bbox 468 872 564 911; x_wconf 84' lang='lat' dir='ltr'>fuse</span> <span class='ocrx_word' id='word_1_60' title='bbox 620 872 936 920; x_wconf 77' lang='lat' dir='ltr'>tractabantur,</span> <span class='ocrx_word' id='word_1_61' title='bbox 992 871 1228 910; x_wconf 85' lang='lat' dir='ltr'>admodum</span> <span class='ocrx_word' id='word_1_62' title='bbox 1277 880 1413 919; x_wconf 89' lang='lat' dir='ltr'>parva</span> <span class='ocrx_word' id='word_1_63' title='bbox 1465 870 1650 918; x_wconf 89' lang='lat' dir='ltr'>vestigia</span> <span class='ocrx_word' id='word_1_64' title='bbox 1698 871 1740 909; x_wconf 89' lang='lat' dir='ltr'>in</span> 
     </span>
     <span class='ocr_line' id='line_1_9' title="bbox 102 946 1740 998; baseline -0.002 -9"><span class='ocrx_word' id='word_1_65' title='bbox 102 950 348 989; x_wconf 85' lang='lat' dir='ltr'>Homericis</span> <span class='ocrx_word' id='word_1_66' title='bbox 380 948 666 998; x_wconf 87' lang='lat' dir='ltr'>reliquerunt,</span> <span class='ocrx_word' id='word_1_67' title='bbox 711 950 756 987; x_wconf 87' lang='lat' dir='ltr'>at</span> <span class='ocrx_word' id='word_1_68' title='bbox 798 947 990 996; x_wconf 89' lang='lat' dir='ltr'>vestigia</span> <span class='ocrx_word' id='word_1_69' title='bbox 1032 949 1153 997; x_wconf 90' lang='lat' dir='ltr'>sunt,</span> <span class='ocrx_word' id='word_1_70' title='bbox 1192 957 1302 995; x_wconf 90' lang='lat' dir='ltr'>quae</span> <span class='ocrx_word' id='word_1_71' title='bbox 1342 946 1481 986; x_wconf 89' lang='lat' dir='ltr'>semel</span> <span class='ocrx_word' id='word_1_72' title='bbox 1522 947 1740 986; x_wconf 90' lang='lat' dir='ltr'>monitum</span> 
     </span>
     <span class='ocr_line' id='line_1_10' title="bbox 103 1025 765 1074; baseline -0.005 -8"><span class='ocrx_word' id='word_1_73' title='bbox 103 1027 314 1067; x_wconf 89' lang='lat' dir='ltr'>lectorem</span> <span class='ocrx_word' id='word_1_74' title='bbox 344 1025 494 1074; x_wconf 86' lang='lat' dir='ltr'>fugere</span> <span class='ocrx_word' id='word_1_75' title='bbox 527 1026 765 1072; x_wconf 89' lang='lat' dir='ltr'>nequeunt.</span> 
     </span>
    </p>

    <p class='ocr_par' dir='ltr' id='par_1_3' title="bbox 101 1099 1743 1303">
     <span class='ocr_line' id='line_1_11' title="bbox 163 1099 1740 1149; baseline -0.002 -8"><span class='ocrx_word' id='word_1_76' title='bbox 163 1101 367 1141; x_wconf 90' lang='lat' dir='ltr'>Ceterum</span> <span class='ocrx_word' id='word_1_77' title='bbox 409 1101 461 1140; x_wconf 91' lang='lat' dir='ltr'>de</span> <span class='ocrx_word' id='word_1_78' title='bbox 502 1100 744 1149; x_wconf 84' lang='lat' dir='ltr'>naufragiis</span> <span class='ocrx_word' id='word_1_79' title='bbox 786 1101 1066 1139; x_wconf 81' lang='lat' dir='ltr'>Achaeorum</span> <span class='ocrx_word' id='word_1_80' title='bbox 1102 1100 1146 1137; x_wconf 93' lang='lat' dir='ltr'>in</span> <span class='ocrx_word' id='word_1_81' title='bbox 1179 1099 1320 1138; x_wconf 86' lang='lat' dir='ltr'>reditu</span> <span class='ocrx_word' id='word_1_82' title='bbox 1352 1099 1482 1138; x_wconf 85' lang='lat' dir='ltr'>factis</span> <span class='ocrx_word' id='word_1_83' title='bbox 1513 1110 1590 1148; x_wconf 86' lang='lat' dir='ltr'>pro</span> <span class='ocrx_word' id='word_1_84' title='bbox 1624 1101 1740 1138; x_wconf 86' lang='lat' dir='ltr'>certo</span> 
     </span>
     <span class='ocr_line' id='line_1_12' title="bbox 101 1175 1743 1226; baseline -0.002 -9"><span class='ocrx_word' id='word_1_85' title='bbox 101 1178 219 1217; x_wconf 88' lang='lat' dir='ltr'>valet</span> <span class='ocrx_word' id='word_1_86' title='bbox 249 1176 575 1226; x_wconf 89' lang='lat' dir='ltr'>Vergilianum:</span> <span class='ocrx_word' id='word_1_87' title='bbox 610 1176 844 1226; x_wconf 85' lang='lat' dir='ltr'>„quidquid</span> <span class='ocrx_word' id='word_1_88' title='bbox 877 1176 1068 1216; x_wconf 87' lang='lat' dir='ltr'>delirant</span> <span class='ocrx_word' id='word_1_89' title='bbox 1101 1186 1228 1224; x_wconf 87' lang='lat' dir='ltr'>reges</span> <span class='ocrx_word' id='word_1_90' title='bbox 1260 1175 1508 1224; x_wconf 87' lang='lat' dir='ltr'>plectuntur</span> <span class='ocrx_word' id='word_1_91' title='bbox 1534 1175 1743 1223; x_wconf 81' lang='lat' dir='ltr'>Achivi”;</span> 
     </span>
     <span class='ocr_line' id='line_1_13' title="bbox 104 1252 1146 1303; baseline -0.003 -10"><span class='ocrx_word' id='word_1_92' title='bbox 104 1264 208 1293; x_wconf 89' lang='lat' dir='ltr'>nam</span> <span class='ocrx_word' id='word_1_93' title='bbox 240 1253 314 1293; x_wconf 91' lang='lat' dir='ltr'>ubi</span> <span class='ocrx_word' id='word_1_94' title='bbox 345 1255 412 1293; x_wconf 89' lang='lat' dir='ltr'>tot</span> <span class='ocrx_word' id='word_1_95' title='bbox 443 1263 599 1303; x_wconf 90' lang='lat' dir='ltr'>naves,</span> <span class='ocrx_word' id='word_1_96' title='bbox 634 1254 700 1292; x_wconf 90' lang='lat' dir='ltr'>tot</span> <span class='ocrx_word' id='word_1_97' title='bbox 729 1252 894 1291; x_wconf 88' lang='lat' dir='ltr'>milites</span> <span class='ocrx_word' id='word_1_98' title='bbox 926 1252 1146 1301; x_wconf 84' lang='lat' dir='ltr'>peribant,</span> 
     </span>
    </p>

    <p class='ocr_par' dir='ltr' id='par_1_4' title="bbox 110 1322 1618 1454">
     <span class='ocr_line' id='line_1_14' title="bbox 342 1322 1618 1383; baseline -0.001 -16"><span class='ocrx_word' id='word_1_99' title='bbox 342 1327 452 1380; x_wconf 76' lang='grc' dir='ltr'><em>ἀρχοὶ</em></span> <span class='ocrx_word' id='word_1_100' title='bbox 486 1329 528 1367; x_wconf 79' lang='grc' dir='ltr'>δ’</span> <span class='ocrx_word' id='word_1_101' title='bbox 562 1322 613 1367; x_wconf 76' lang='grc' dir='ltr'>αὖ</span> <span class='ocrx_word' id='word_1_102' title='bbox 648 1328 721 1368; x_wconf 82' lang='grc' dir='ltr'>δύο</span> <span class='ocrx_word' id='word_1_103' title='bbox 754 1333 903 1378; x_wconf 85' lang='grc' dir='ltr'><em>μοῦνοι</em></span> <span class='ocrx_word' id='word_1_104' title='bbox 935 1330 1098 1379; x_wconf 80' lang='grc' dir='ltr'><strong><em>Ἀχαιῶν</em></strong></span> <span class='ocrx_word' id='word_1_105' title='bbox 1137 1351 1186 1356; x_wconf 85' lang='lat'>—-</span> <span class='ocrx_word' id='word_1_106' title='bbox 1222 1326 1264 1366; x_wconf 82' lang='grc' dir='ltr'>ἐν</span> <span class='ocrx_word' id='word_1_107' title='bbox 1298 1326 1424 1383; x_wconf 80' lang='grc' dir='ltr'><em>νόστῳ</em></span> <span class='ocrx_word' id='word_1_108' title='bbox 1458 1325 1618 1378; x_wconf 82' lang='grc' dir='ltr'>ὄλοντο,</span> 
     </span>
     <span class='ocr_line' id='line_1_15' title="bbox 110 1405 1073 1454; baseline -0.002 -9"><span class='ocrx_word' id='word_1_109' title='bbox 110 1407 321 1446; x_wconf 90' lang='lat' dir='ltr'>nimirum</span> <span class='ocrx_word' id='word_1_110' title='bbox 355 1406 469 1445; x_wconf 82' lang='lat' dir='ltr'>Aiax</span> <span class='ocrx_word' id='word_1_111' title='bbox 502 1406 645 1445; x_wconf 87' lang='lat' dir='ltr'>minor</span> <span class='ocrx_word' id='word_1_112' title='bbox 678 1407 721 1444; x_wconf 90' lang='lat' dir='ltr'>et</span> <span class='ocrx_word' id='word_1_113' title='bbox 751 1405 1073 1454; x_wconf 87' lang='lat' dir='ltr'>Agamemnon.</span> 
     </span>
    </p>

    <p class='ocr_par' dir='ltr' id='par_1_5' title="bbox 170 1479 1743 1532">
     <span class='ocr_line' id='line_1_16' title="bbox 170 1479 1743 1532; baseline 0 -11"><span class='ocrx_word' id='word_1_114' title='bbox 170 1482 442 1532; x_wconf 82' lang='lat' dir='ltr'>Quamquam</span> <span class='ocrx_word' id='word_1_115' title='bbox 469 1482 819 1530; x_wconf 87' lang='lat' dir='ltr'>Agamemnonis</span> <span class='ocrx_word' id='word_1_116' title='bbox 846 1483 1037 1520; x_wconf 90' lang='lat' dir='ltr'>mortem</span> <span class='ocrx_word' id='word_1_117' title='bbox 1065 1481 1158 1520; x_wconf 86' lang='lat' dir='ltr'>Iovi</span> <span class='ocrx_word' id='word_1_118' title='bbox 1185 1481 1405 1529; x_wconf 88' lang='lat' dir='ltr'>imputare</span> <span class='ocrx_word' id='word_1_119' title='bbox 1427 1480 1612 1519; x_wconf 89' lang='lat' dir='ltr'>minime</span> <span class='ocrx_word' id='word_1_120' title='bbox 1628 1479 1743 1521; x_wconf 88' lang='lat' dir='ltr'>licet.</span> 
     </span>
    </p>

    <p class='ocr_par' dir='ltr' id='par_1_6' title="bbox 165 1557 1583 1604">
     <span class='ocr_line' id='line_1_17' title="bbox 165 1557 1583 1604; baseline 0 -8"><span class='ocrx_word' id='word_1_121' title='bbox 165 1559 316 1598; x_wconf 91' lang='lat' dir='ltr'>Iovem</span> <span class='ocrx_word' id='word_1_122' title='bbox 356 1558 472 1597; x_wconf 91' lang='lat' dir='ltr'>enim</span> <span class='ocrx_word' id='word_1_123' title='bbox 505 1558 616 1596; x_wconf 90' lang='lat' dir='ltr'>hanc</span> <span class='ocrx_word' id='word_1_124' title='bbox 648 1559 840 1596; x_wconf 90' lang='lat' dir='ltr'>mortem</span> <span class='ocrx_word' id='word_1_125' title='bbox 874 1557 1071 1596; x_wconf 91' lang='lat' dir='ltr'>noluisse</span> <span class='ocrx_word' id='word_1_126' title='bbox 1104 1558 1326 1596; x_wconf 76' lang='lat' dir='ltr'>testantur</span> <span class='ocrx_word' id='word_1_127' title='bbox 1351 1572 1374 1594; x_wconf 82' lang='grc' dir='ltr'>α</span> <span class='ocrx_word' id='word_1_128' title='bbox 1409 1557 1464 1595; x_wconf 83' lang='grc'>38</span> <span class='ocrx_word' id='word_1_129' title='bbox 1497 1567 1583 1604; x_wconf 88' lang='lat' dir='ltr'>sq.:</span> 
     </span>
    </p>

    <p class='ocr_par' dir='ltr' id='par_1_7' title="bbox 106 1630 1490 1840">
     <span class='ocr_line' id='line_1_18' title="bbox 336 1630 1331 1685; baseline -0.002 -14"><span class='ocrx_word' id='word_1_130' title='bbox 336 1630 529 1685; x_wconf 82' lang='grc' dir='ltr'><strong><em>Ἑρμείαν</em></strong></span> <span class='ocrx_word' id='word_1_131' title='bbox 561 1631 790 1683; x_wconf 80' lang='grc' dir='ltr'><em>πέμψαντες</em></span> <span class='ocrx_word' id='word_1_132' title='bbox 818 1631 1018 1672; x_wconf 80' lang='grc' dir='ltr'><em>ἐύσκοπον</em></span> <span class='ocrx_word' id='word_1_133' title='bbox 1051 1632 1331 1685; x_wconf 78' lang='grc' dir='ltr'><em>Ἀργεϊφόντην</em></span> 
     </span>
     <span class='ocr_line' id='line_1_19' title="bbox 345 1705 1254 1759; baseline -0.001 -12"><span class='ocrx_word' id='word_1_134' title='bbox 345 1705 430 1759; x_wconf 82' lang='grc' dir='ltr'><strong><em>μήτ’</em></strong></span> <span class='ocrx_word' id='word_1_135' title='bbox 466 1707 591 1747; x_wconf 80' lang='grc' dir='ltr'><em>αὐτὸν</em></span> <span class='ocrx_word' id='word_1_136' title='bbox 624 1710 1040 1758; x_wconf 80' lang='lat' dir='ltr'>(Agamemnonem)</span> <span class='ocrx_word' id='word_1_137' title='bbox 1074 1708 1254 1758; x_wconf 80' lang='grc' dir='ltr'><em>κτείνειν,</em></span> 
     </span>
     <span class='ocr_line' id='line_1_20' title="bbox 106 1782 1490 1840; baseline -0.001 -15"><span class='ocrx_word' id='word_1_138' title='bbox 106 1796 245 1834; x_wconf 91' lang='lat' dir='ltr'>neque</span> <span class='ocrx_word' id='word_1_139' title='bbox 278 1786 585 1835; x_wconf 89' lang='lat' dir='ltr'>Agamemnon</span> <span class='ocrx_word' id='word_1_140' title='bbox 617 1782 659 1823; x_wconf 83' lang='grc' dir='ltr'>ἐν</span> <span class='ocrx_word' id='word_1_141' title='bbox 691 1784 818 1840; x_wconf 79' lang='grc' dir='ltr'><em>νόστῳ</em></span> <span class='ocrx_word' id='word_1_142' title='bbox 851 1787 1055 1824; x_wconf 88' lang='lat' dir='ltr'>mortuus</span> <span class='ocrx_word' id='word_1_143' title='bbox 1089 1794 1185 1824; x_wconf 91' lang='lat' dir='ltr'>esse</span> <span class='ocrx_word' id='word_1_144' title='bbox 1218 1785 1301 1824; x_wconf 91' lang='lat' dir='ltr'>dici</span> <span class='ocrx_word' id='word_1_145' title='bbox 1332 1786 1490 1834; x_wconf 89' lang='lat' dir='ltr'>potest.</span> 
     </span>
    </p>

    <p class='ocr_par' dir='ltr' id='par_1_8' title="bbox 104 1861 1740 2366">
     <span class='ocr_line' id='line_1_21' title="bbox 164 1861 1738 1911; baseline -0.001 -11"><span class='ocrx_word' id='word_1_146' title='bbox 164 1862 277 1901; x_wconf 84' lang='lat' dir='ltr'>Aiax</span> <span class='ocrx_word' id='word_1_147' title='bbox 305 1872 472 1910; x_wconf 88' lang='lat' dir='ltr'>quoque</span> <span class='ocrx_word' id='word_1_148' title='bbox 498 1861 651 1900; x_wconf 87' lang='lat' dir='ltr'>invitis</span> <span class='ocrx_word' id='word_1_149' title='bbox 677 1862 801 1911; x_wconf 87' lang='lat' dir='ltr'>Iove,</span> <span class='ocrx_word' id='word_1_150' title='bbox 831 1861 1046 1910; x_wconf 86' lang='lat' dir='ltr'>Minerva,</span> <span class='ocrx_word' id='word_1_151' title='bbox 1067 1861 1267 1910; x_wconf 85' lang='lat' dir='ltr'>Neptuno</span> <span class='ocrx_word' id='word_1_152' title='bbox 1286 1861 1513 1910; x_wconf 87' lang='lat' dir='ltr'>effugisset</span> <span class='ocrx_word' id='word_1_153' title='bbox 1530 1863 1738 1909; x_wconf 84' lang='lat' dir='ltr'>mortem,</span> 
     </span>
     <span class='ocr_line' id='line_1_22' title="bbox 104 1938 1737 1988; baseline 0.001 -12"><span class='ocrx_word' id='word_1_154' title='bbox 104 1938 190 1977; x_wconf 93' lang='lat' dir='ltr'>nisi</span> <span class='ocrx_word' id='word_1_155' title='bbox 237 1939 485 1977; x_wconf 82' lang='lat' dir='ltr'>exstitisset</span> <span class='ocrx_word' id='word_1_156' title='bbox 530 1939 650 1977; x_wconf 85' lang='lat' dir='ltr'>fama</span> <span class='ocrx_word' id='word_1_157' title='bbox 696 1938 938 1988; x_wconf 88' lang='lat' dir='ltr'>popularis,</span> <span class='ocrx_word' id='word_1_158' title='bbox 981 1948 1091 1985; x_wconf 89' lang='lat' dir='ltr'>quae</span> <span class='ocrx_word' id='word_1_159' title='bbox 1132 1938 1176 1976; x_wconf 89' lang='lat' dir='ltr'>in</span> <span class='ocrx_word' id='word_1_160' title='bbox 1207 1938 1380 1987; x_wconf 88' lang='lat' dir='ltr'>Aegaeo</span> <span class='ocrx_word' id='word_1_161' title='bbox 1414 1940 1602 1978; x_wconf 88' lang='lat' dir='ltr'>mortem</span> <span class='ocrx_word' id='word_1_162' title='bbox 1637 1949 1737 1978; x_wconf 89' lang='lat' dir='ltr'>eum</span> 
     </span>
     <span class='ocr_line' id='line_1_23' title="bbox 104 2014 1738 2064; baseline 0.001 -11"><span class='ocrx_word' id='word_1_163' title='bbox 104 2014 265 2053; x_wconf 89' lang='lat' dir='ltr'>obiisse</span> <span class='ocrx_word' id='word_1_164' title='bbox 296 2014 443 2053; x_wconf 86' lang='lat' dir='ltr'>ferret.</span> <span class='ocrx_word' id='word_1_165' title='bbox 479 2015 570 2063; x_wconf 79' lang='lat' dir='ltr'>Qua</span> <span class='ocrx_word' id='word_1_166' title='bbox 602 2014 654 2053; x_wconf 91' lang='lat' dir='ltr'>de</span> <span class='ocrx_word' id='word_1_167' title='bbox 686 2024 731 2053; x_wconf 88' lang='lat' dir='ltr'>re</span> <span class='ocrx_word' id='word_1_168' title='bbox 764 2025 871 2053; x_wconf 94' lang='lat' dir='ltr'>mox</span> <span class='ocrx_word' id='word_1_169' title='bbox 903 2014 1040 2063; x_wconf 88' lang='lat' dir='ltr'>plura.</span> <span class='ocrx_word' id='word_1_170' title='bbox 1074 2014 1196 2053; x_wconf 86' lang='lat' dir='ltr'>Nunc</span> <span class='ocrx_word' id='word_1_171' title='bbox 1238 2025 1342 2054; x_wconf 86' lang='lat' dir='ltr'>vero</span> <span class='ocrx_word' id='word_1_172' title='bbox 1385 2016 1580 2054; x_wconf 88' lang='lat' dir='ltr'>statuere</span> <span class='ocrx_word' id='word_1_173' title='bbox 1621 2015 1738 2064; x_wconf 84' lang='lat' dir='ltr'>licet,</span> 
     </span>
     <span class='ocr_line' id='line_1_24' title="bbox 107 2089 1736 2139; baseline 0.001 -11"><span class='ocrx_word' id='word_1_174' title='bbox 107 2089 254 2128; x_wconf 91' lang='lat' dir='ltr'>odium</span> <span class='ocrx_word' id='word_1_175' title='bbox 285 2090 390 2129; x_wconf 91' lang='lat' dir='ltr'>illud</span> <span class='ocrx_word' id='word_1_176' title='bbox 422 2090 517 2129; x_wconf 88' lang='lat' dir='ltr'>sive</span> <span class='ocrx_word' id='word_1_177' title='bbox 548 2090 667 2130; x_wconf 89' lang='lat' dir='ltr'>Iovis</span> <span class='ocrx_word' id='word_1_178' title='bbox 693 2090 776 2129; x_wconf 90' lang='lat' dir='ltr'>fuit</span> <span class='ocrx_word' id='word_1_179' title='bbox 803 2090 897 2129; x_wconf 90' lang='lat' dir='ltr'>sive</span> <span class='ocrx_word' id='word_1_180' title='bbox 924 2090 1145 2129; x_wconf 87' lang='lat' dir='ltr'>Minervae</span> <span class='ocrx_word' id='word_1_181' title='bbox 1171 2090 1313 2129; x_wconf 89' lang='lat' dir='ltr'>multa</span> <span class='ocrx_word' id='word_1_182' title='bbox 1338 2090 1462 2129; x_wconf 88' lang='lat' dir='ltr'>milia</span> <span class='ocrx_word' id='word_1_183' title='bbox 1486 2090 1736 2139; x_wconf 88' lang='lat' dir='ltr'>hominum,</span> 
     </span>
     <span class='ocr_line' id='line_1_25' title="bbox 107 2165 1740 2219; baseline 0.001 -16"><span class='ocrx_word' id='word_1_184' title='bbox 107 2166 180 2213; x_wconf 90' lang='lat' dir='ltr'>qui</span> <span class='ocrx_word' id='word_1_185' title='bbox 220 2165 347 2204; x_wconf 89' lang='lat' dir='ltr'>Troia</span> <span class='ocrx_word' id='word_1_186' title='bbox 389 2168 516 2214; x_wconf 90' lang='lat' dir='ltr'>capta</span> <span class='ocrx_word' id='word_1_187' title='bbox 557 2166 599 2204; x_wconf 95' lang='lat' dir='ltr'>in</span> <span class='ocrx_word' id='word_1_188' title='bbox 645 2166 872 2205; x_wconf 83' lang='lat' dir='ltr'>Graeciam</span> <span class='ocrx_word' id='word_1_189' title='bbox 914 2175 1001 2204; x_wconf 92' lang='lat' dir='ltr'>non</span> <span class='ocrx_word' id='word_1_190' title='bbox 1042 2167 1321 2205; x_wconf 88' lang='lat' dir='ltr'>reverterunt</span> <span class='ocrx_word' id='word_1_191' title='bbox 1361 2166 1623 2219; x_wconf 81' lang='lat' dir='ltr'>perdidisse,</span> <span class='ocrx_word' id='word_1_192' title='bbox 1664 2167 1740 2205; x_wconf 84' lang='lat' dir='ltr'>sed</span> 
     </span>
     <span class='ocr_line' id='line_1_26' title="bbox 109 2241 1740 2291; baseline 0 -11"><span class='ocrx_word' id='word_1_193' title='bbox 109 2242 221 2289; x_wconf 89' lang='lat' dir='ltr'>quod</span> <span class='ocrx_word' id='word_1_194' title='bbox 262 2241 314 2280; x_wconf 92' lang='lat' dir='ltr'>ad</span> <span class='ocrx_word' id='word_1_195' title='bbox 355 2241 512 2280; x_wconf 87' lang='lat' dir='ltr'>heroes</span> <span class='ocrx_word' id='word_1_196' title='bbox 544 2242 722 2291; x_wconf 89' lang='lat' dir='ltr'>attinet,</span> <span class='ocrx_word' id='word_1_197' title='bbox 750 2241 986 2290; x_wconf 87' lang='lat' dir='ltr'>procellam</span> <span class='ocrx_word' id='word_1_198' title='bbox 1012 2241 1135 2280; x_wconf 90' lang='lat' dir='ltr'>illam</span> <span class='ocrx_word' id='word_1_199' title='bbox 1168 2241 1212 2280; x_wconf 92' lang='lat' dir='ltr'>in</span> <span class='ocrx_word' id='word_1_200' title='bbox 1245 2242 1356 2280; x_wconf 88' lang='lat' dir='ltr'>mari</span> <span class='ocrx_word' id='word_1_201' title='bbox 1387 2243 1562 2290; x_wconf 89' lang='lat' dir='ltr'>Aegaeo</span> <span class='ocrx_word' id='word_1_202' title='bbox 1593 2242 1740 2291; x_wconf 89' lang='lat' dir='ltr'>potius</span> 
     </span>
     <span class='ocr_line' id='line_1_27' title="bbox 106 2316 823 2366; baseline -0.001 -10"><span class='ocrx_word' id='word_1_203' title='bbox 106 2316 244 2358; x_wconf 82' lang='lat' dir='ltr'>fuisse</span> <span class='ocrx_word' id='word_1_204' title='bbox 275 2316 512 2366; x_wconf 88' lang='lat' dir='ltr'>procellam</span> <span class='ocrx_word' id='word_1_205' title='bbox 543 2317 588 2355; x_wconf 93' lang='lat' dir='ltr'>in</span> <span class='ocrx_word' id='word_1_206' title='bbox 619 2317 823 2366; x_wconf 92' lang='lat' dir='ltr'>simpulo.</span> 
     </span>
    </p>
   </div>
   <div class='ocr_carea' id='block_1_3' title="bbox 336 2686 1511 2740">
    <p class='ocr_par' dir='ltr' id='par_1_9' title="bbox 336 2686 1511 2740">
     <span class='ocr_line' id='line_1_28' title="bbox 336 2686 1511 2740; baseline -0.003 -9"><span class='ocrx_word' id='word_1_207' title='bbox 336 2688 441 2731; x_wconf 78' lang='lat' dir='ltr'>vll.</span> <span class='ocrx_word' id='word_1_208' title='bbox 476 2689 631 2730; x_wconf 86' lang='lat' dir='ltr'>Pauca</span> <span class='ocrx_word' id='word_1_209' title='bbox 665 2687 718 2729; x_wconf 80' lang='lat' dir='ltr'>(le</span> <span class='ocrx_word' id='word_1_210' title='bbox 752 2687 983 2729; x_wconf 79' lang='lat' dir='ltr'>Minervae</span> <span class='ocrx_word' id='word_1_211' title='bbox 1016 2687 1066 2728; x_wconf 90' lang='lat' dir='ltr'>in</span> <span class='ocrx_word' id='word_1_212' title='bbox 1098 2686 1246 2729; x_wconf 82' lang='lat' dir='ltr'>Iliade</span> <span class='ocrx_word' id='word_1_213' title='bbox 1279 2686 1511 2740; x_wconf 81' lang='lat' dir='ltr'>partibus.</span> 
     </span>
    </p>
   </div>
   <div class='ocr_carea' id='block_1_4' title="bbox 110 2845 1745 3054">
    <p class='ocr_par' dir='ltr' id='par_1_10' title="bbox 110 2845 1745 3054">
     <span class='ocr_line' id='line_1_29' title="bbox 167 2845 1745 2897; baseline -0.002 -11"><span class='ocrx_word' id='word_1_214' title='bbox 167 2848 405 2897; x_wconf 87' lang='lat' dir='ltr'>Minervae,</span> <span class='ocrx_word' id='word_1_215' title='bbox 452 2848 594 2896; x_wconf 87' lang='lat' dir='ltr'>qualis</span> <span class='ocrx_word' id='word_1_216' title='bbox 627 2848 670 2886; x_wconf 87' lang='lat' dir='ltr'>in</span> <span class='ocrx_word' id='word_1_217' title='bbox 705 2847 838 2886; x_wconf 74' lang='lat' dir='ltr'>iliade</span> <span class='ocrx_word' id='word_1_218' title='bbox 872 2847 1096 2896; x_wconf 86' lang='lat' dir='ltr'>aspicitur,</span> <span class='ocrx_word' id='word_1_219' title='bbox 1130 2846 1211 2886; x_wconf 91' lang='lat' dir='ltr'>sub</span> <span class='ocrx_word' id='word_1_220' title='bbox 1243 2856 1430 2895; x_wconf 87' lang='lat' dir='ltr'>persona</span> <span class='ocrx_word' id='word_1_221' title='bbox 1461 2846 1603 2884; x_wconf 86' lang='lat' dir='ltr'>latent</span> <span class='ocrx_word' id='word_1_222' title='bbox 1636 2845 1745 2883; x_wconf 87' lang='lat' dir='ltr'>duae</span> 
     </span>
     <span class='ocr_line' id='line_1_30' title="bbox 110 2921 1744 2972; baseline -0.003 -10"><span class='ocrx_word' id='word_1_223' title='bbox 110 2923 229 2962; x_wconf 89' lang='lat' dir='ltr'>deae.</span> <span class='ocrx_word' id='word_1_224' title='bbox 277 2923 427 2962; x_wconf 89' lang='lat' dir='ltr'>Altera</span> <span class='ocrx_word' id='word_1_225' title='bbox 470 2925 538 2963; x_wconf 89' lang='lat' dir='ltr'>est</span> <span class='ocrx_word' id='word_1_226' title='bbox 581 2923 793 2972; x_wconf 90' lang='lat' dir='ltr'>Minerva,</span> <span class='ocrx_word' id='word_1_227' title='bbox 829 2932 938 2970; x_wconf 86' lang='lat' dir='ltr'>quae</span> <span class='ocrx_word' id='word_1_228' title='bbox 972 2922 1236 2961; x_wconf 86' lang='lat' dir='ltr'>Graecorum</span> <span class='ocrx_word' id='word_1_229' title='bbox 1271 2933 1293 2959; x_wconf 89' lang='lat' dir='ltr'>a</span> <span class='ocrx_word' id='word_1_230' title='bbox 1326 2921 1526 2970; x_wconf 87' lang='lat' dir='ltr'>partibus</span> <span class='ocrx_word' id='word_1_231' title='bbox 1559 2922 1744 2968; x_wconf 85' lang='lat' dir='ltr'>pugnat,</span> 
     </span>
     <span class='ocr_line' id='line_1_31' title="bbox 110 2995 1742 3054; baseline -0.002 -17"><span class='ocrx_word' id='word_1_232' title='bbox 110 3008 220 3054; x_wconf 76' lang='lat' dir='ltr'>quae</span> <span class='ocrx_word' id='word_1_233' title='bbox 260 2998 481 3044; x_wconf 89' lang='lat' dir='ltr'>Diomedis</span> <span class='ocrx_word' id='word_1_234' title='bbox 513 2999 709 3038; x_wconf 85' lang='lat' dir='ltr'>ascendit</span> <span class='ocrx_word' id='word_1_235' title='bbox 743 3008 942 3046; x_wconf 82' lang='lat' dir='ltr'>currum,</span> <span class='ocrx_word' id='word_1_236' title='bbox 977 3007 1086 3048; x_wconf 86' lang='lat' dir='ltr'>quae</span> <span class='ocrx_word' id='word_1_237' title='bbox 1119 2997 1303 3038; x_wconf 79' lang='lat' dir='ltr'>fulmine</span> <span class='ocrx_word' id='word_1_238' title='bbox 1336 2999 1505 3036; x_wconf 84' lang='lat' dir='ltr'>armata</span> <span class='ocrx_word' id='word_1_239' title='bbox 1538 2995 1742 3046; x_wconf 85' lang='lat' dir='ltr'>procedit.</span> 
     </span>
    </p>
   </div>
  </div>
 </body>
</html>
