2141 3487
819 312 872 339 DE
904 311 1050 339 Amen.
1698 301 1750 339 77

511 587 621 629 XII.
656 587 722 629 De
756 587 901 628 Enalo
934 586 1078 639 (leque
1111 586 1374 628 '1¹1·ambelo.

187 729 251 768 Ad
293 729 368 767 illa
408 739 516 777 quae
559 730 609 768 de
652 730 903 768 Telamonis
944 731 1120 768 nomine
1163 729 1500 768 observavimus
1541 728 1753 775 quaedam

123 806 228 843 sunt
260 805 474 856 addenda,
508 805 664 852 quibus
706 805 1008 844 coniecturam
1041 808 1241 844 nostram
1277 804 1467 843 stabiliri
1498 814 1627 853 posse
1662 814 1755 842 con-

126 879 303 919 fidimus
357 880 632 919 Coniecimus
664 881 781 920 enim
815 881 1098 920 Telamonem
1134 881 1264 919 deum
1298 881 1518 919 marinum
1552 880 1604 918 ad
1639 880 1759 918 Saro—

126 957 271 995 nicum
306 957 458 995 Sinum
492 966 517 994 a
550 956 727 995 Graecis
760 967 856 995 esse
891 956 1071 996 cultum,

186 1032 345 1071 Narrat
391 1032 634 1071 Pausanias
681 1032 727 1081 (I,
763 1033 832 1081 35,
868 1033 933 1077 3):
979 1032 1182 1070 δείκνυται
1226 1029 1267 1070 δὲ
1309 1032 1425 1079 λίθος
1464 1031 1506 1070 ἐν
1538 1034 1760 1082 Σαλαμῖνι,

127 1107 174 1146 οὐ
207 1107 341 1159 πόρρω
374 1114 444 1147 τοῦ
475 1107 645 1159 λιμένος·
674 1107 738 1147 ἐπὶ
765 1109 908 1147 τούτου
936 1108 1174 1158 καθήμενον
1207 1111 1424 1158 Τελαμῶνα
1451 1105 1548 1159 ὁρᾶν
1575 1106 1759 1159 λέγουσιν

127 1181 164 1229 ἐς
207 1182 279 1233 τὴν
319 1189 425 1222 ναῦν
467 1182 753 1223 ἀποπλεόντων
791 1184 828 1222 οῖ
859 1190 938 1222 τῶν
969 1184 1128 1223 παίδων
1161 1183 1199 1231 ἐς
1233 1183 1390 1222 Αὐλίδα
1423 1181 1486 1221 ἐπὶ
1518 1182 1586 1222 τὸν
1618 1183 1758 1222 κοινὸν

126 1265 203 1297 τῶν
228 1256 437 1309 (Ελλήνων
470 1259 624 1298 στόλον.

186 1335 362 1374 Iacebat
402 1336 533 1383 igitur
571 1346 703 1385 prope
746 1346 771 1374 a
815 1336 1035 1375 Salamine
1078 1336 1206 1385 lapis,
1253 1336 1324 1384 qui
1368 1335 1497 1383 vulgo
1531 1335 1758 1374 Telamoni

127 1420 251 1449 sacer
278 1411 535 1449 habebatur.
579 1411 839 1450 Conferendi
872 1413 995 1450 sunt:
1025 1412 1137 1460 lapis
1165 1412 1380 1460 Aeginae,
1411 1421 1595 1458 quocum
1628 1411 1761 1449 homi—

130 1497 206 1525 nes
233 1487 366 1526 Phoci
392 1496 552 1525 nomen
580 1487 731 1526 fratris
759 1487 1012 1526 Telamonis
1041 1487 1304 1535 coniungere
1321 1487 1544 1534 solebant3
1573 1487 1764 1525 Tiresiae

129 1562 242 1610 lapis
273 1561 457 1609 Thebis;
491 1562 601 1610 lapis
634 1562 791 1601 Thesei
821 1563 866 1601 in
898 1563 972 1601 via
1000 1573 1084 1610 qua
1111 1563 1328 1601 Troezene
1354 1563 1443 1601 itur
1472 1563 1760 1610 He1·mionen;

129 1637 241 1685 lapis
274 1638 513 1676 Actaeonis
544 1638 760 1684 Plataeis;
795 1638 965 1676 Orestis
997 1638 1110 1686 lapis
1142 1639 1184 1676 in
1218 1639 1423 1686 Arcadia,
1460 1638 1549 1676 alii.

188 1712 365 1751 Minime
408 1713 589 1760 dignum
632 1713 745 1751 foret
787 1715 1034 1752 memoratu
1079 1714 1300 1752 Salamine
1332 1714 1523 1762 lapidem
1558 1714 1764 1761 iacuisse,

123 1798 310 1835 quocum
367 1788 559 1827 insulani
611 1789 757 1827 herois
805 1789 874 1827 sui
927 1799 1087 1827 nomen
1138 1789 1483 1838 coniungebant,
1531 1799 1670 1836 neque
1715 1789 1765 1827 ad

123 1863 372 1911 opinionem
420 1863 470 1901 de
518 1863 755 1902 Telamone
805 1866 1008 1903 nostram
1051 1864 1364 1904 stabiliendam
1399 1864 1499 1903 inde
1537 1874 1763 1912 argumen-

125 1940 219 1977 tum
263 1940 530 1987 peteremus,
567 1939 650 1977 nisi
684 1939 754 1978 hic
787 1939 900 1988 lapis
934 1940 977 1978 in
1010 1940 1276 1978 memoriam
1310 1940 1539 1978 reduceret
1570 1939 1761 1978 fabulam

127 2013 383 2052 Lesbiacam
427 2013 478 2052 de
520 2013 656 2052 Enalo
688 2013 875 2061 quodam
912 2014 1044 2053 heroe
1079 2036 1132 2041 —
1165 2014 1248 2052 fuit
1284 2015 1504 2061 quondam
1539 2015 1644 2053 deus
1677 2025 1765 2057 ma.

128 2089 250 2127 rinus
286 2112 353 2137 —,
388 2098 499 2135 quae
533 2098 634 2127 cum
668 2088 817 2127 fabula
844 2089 895 2127 de
919 2089 1173 2128 Telamonis
1201 2089 1523 2137 Periboeaeque
1541 2090 1764 2128 amoribus

129 2163 316 2202 conferri
347 2165 504 2212 potest.
539 2164 808 2212 Incipiamus
841 2163 892 2202 ab
926 2164 1008 2202 hac
1040 2165 1290 2203 narratione
1322 2167 1503 2213 sumpta
1536 2176 1590 2204 ex
1617 2168 1767 2205 Areta-

130 2238 196 2276 dis
229 2237 369 2277 Cnidii
401 2238 637 2277 Nesioticis
670 2239 804 2283 (Muli.
838 2239 883 2277 F.
917 2239 970 2278 H.
1006 2239 1076 2278 Gr.
1111 2239 1183 2288 IV,
1220 2241 1336 2284 316).

189 2313 369 2352 Telamo
417 2324 517 2352 cum
576 2314 810 2362 aliquando
866 2314 1089 2353 Euboeam
1139 2315 1335 2354 venisset
1378 2315 1583 2354 Alcathoi
1627 2316 1763 2356 filiam

130 2388 321 2437 vitiavit,
371 2399 455 2435 quo
502 2389 618 2428 facto
666 2391 799 2428 noctu
843 2389 1008 2438 effugit.
1055 2390 1298 2429 Alcathous
1332 2401 1449 2440 vero,
1483 2393 1556 2439 qui
1587 2395 1769 2441 negaret

128 2461 266 2502 filiam
309 2473 436 2502 suam
480 2464 671 2503 invitam
714 2475 807 2503 rem
851 2475 950 2504 cum
983 2465 1112 2504 heroe
1145 2466 1373 2515 habuisse,
1409 2467 1483 2505 uni
1516 2477 1538 2505 e
1570 2468 1767 2506 satelliti-

128 2538 209 2577 bus
251 2539 344 2577 suis
389 2539 581 2587 puellam
624 2540 739 2578 mari
775 2540 1143 2588 submergendam
1178 2541 1376 2580 tradidit.
1410 2542 1466 2580 At
1498 2542 1569 2581 hic
1599 2543 1768 2581 miseri-

131 2614 277 2653 cordia
319 2616 467 2653 motus
505 2624 682 2653 servam
726 2625 822 2654 eam
861 2616 1046 2655 vendere
1079 2616 1249 2655 maluit.
1284 2617 1421 2655 Navis
1453 2617 1620 2665 appulit
1653 2618 1767 2656 Sala-

132 2689 321 2738 minem,
381 2689 454 2727 ubi
510 2689 654 2738 puella
711 2689 764 2728 ab
812 2690 906 2738 ipso
956 2690 1194 2730 Telamone
1242 2693 1390 2740 empta
1435 2702 1541 2731 mox
1587 2693 1764 2732 Aiacem

132 2765 316 2813 peperit.

191 2839 314 2878 Nunc
347 2840 626 2879 conferamus
659 2840 854 2879 fabulam
888 2851 1019 2889 quam
1055 2842 1106 2881 de
1137 2843 1273 2882 Enalo
1299 2843 1479 2881 tradidit
1507 2843 1768 2882 Plutarchus

133 2914 184 2953 de
225 2915 398 2954 Sollert.
441 2916 576 2955 anim.
612 2917 680 2955 36.
715 2916 824 2955 Cum
857 2917 1139 2957 Penthelidae
1172 2919 1300 2957 Lesbi
1334 2919 1579 2957 conditores
1607 2919 1769 2957 oraculi

131 2989 252 3028 iussu
285 2990 535 3030 sacrificare
569 2992 735 3030 vellent
769 2992 1004 3041 virginem,
1042 2993 1261 3032 Sminthei
1286 2994 1375 3032 filia
1402 2993 1453 3032 ab
1481 2994 1611 3031 heroe
1634 2993 1769 3031 Enalo
