2141 3487
830 331 880 357 DE
915 330 1057 357 AIACE.
1703 320 1757 356 83

594 606 720 649 XIV.
756 606 822 648 De
856 605 995 648 Aiace
1030 604 1149 647 Oilei
1183 605 1296 647 filio.

185 749 327 790 Schol.
370 749 535 790 Townl.
577 750 630 788 ad
667 750 699 787 Ο
731 749 814 788 333
849 749 1074 788 observat:
1123 747 1216 798 μὸν
1250 744 1376 786 Ὀιλέα
1411 747 1637 798 Ζηνόδοτος
1670 745 1759 785 ἒπό-

124 839 243 875 μενος
267 821 444 879 “Ησιόδῳ
476 823 541 862 καὶ
580 824 811 880 Στησιχόρῳ
845 825 910 870 (fr.
945 825 1000 864 84
1019 826 1066 870 B)
1100 823 1215 876 χωρὶς
1248 830 1318 862 τοῦ
1353 839 1372 862 ο
1407 821 1591 874 ὀνομάζει
1616 821 1761 862 Ἰλέα”.

186 901 364 941 Proclus
396 902 438 940 in
473 901 829 940 Chrestomathia
860 900 989 940 habet
1023 900 1124 947 Αἴας
1160 898 1179 940 ὁ
1206 897 1344 947 Ἰλέως.

188 977 318 1023 [ΕΠΙΣ]
353 977 484 1016 Rhes.
519 987 583 1016 VS.
622 978 728 1016 175:
763 975 810 1015 οὐ
845 975 923 1026 μὴν
957 975 1024 1015 τὸν
1055 973 1182 1023 Ἰλέως
1215 976 1342 1015 παῖδά
1370 973 1403 1026 μ’
1437 975 1581 1024 ἐξαιτεῖ
1603 977 1762 1028 λαβεῖνς

184 1053 361 1092 HeSiOd.
407 1053 457 1092 fr.
496 1054 578 1091 116
621 1052 792 1092 Rzach:
837 1048 939 1090 Ἰλέα
985 1051 1053 1090 τὸν
1098 1049 1132 1104 ῥ’
1184 1050 1346 1102 ἐφίλησε
1377 1051 1511 1099 saiva}
1545 1051 1642 1098 Διὸς
1676 1051 1762 1098 υἱὸς

125 1127 334 1167 Ἀπόλλων.

182 1204 329 1244 Rzach
371 1206 515 1243 cetera
557 1204 705 1243 omnia
746 1204 919 1252 collegit
961 1204 1221 1243 testimonia
1263 1204 1455 1243 nominis
1487 1204 1653 1243 formae
1686 1204 1762 1243 Ilei

123 1290 198 1329 pro
226 1281 335 1320 Oilei
361 1280 446 1320 illa.
476 1280 507 1319 E
526 1281 684 1329 quibus
700 1280 770 1320 hic
789 1281 917 1320 modo
937 1280 1144 1320 afferatur
1161 1281 1373 1329 Lycophr.
1393 1280 1518 1320 Alex.
1539 1291 1604 1320 vs.
1628 1281 1760 1319 1150:

376 1355 441 1395 καὶ
473 1362 550 1404 πᾶς
575 1353 844 1404 Ὁδοιδόκειος
873 1353 1000 1403 Ἰλέως
1035 1356 1169 1406 δόμος·

179 1433 309 1472 Pater
351 1433 460 1472 Oilei
504 1433 590 1483 vel⁷
625 1435 674 1472 ut
707 1434 775 1473 hic
807 1433 1025 1483 scribitur,
1060 1433 1137 1472 llei
1170 1435 1264 1472 erat
1297 1433 1597 1482 Hodoidokos,
1633 1443 1761 1481 quem

125 1509 481 1557 Argonautarum
514 1508 751 1557 Catalogus
783 1509 984 1549 nominat
1015 1509 1247 1549 Leodokon
1275 1509 1400 1558 (Hyg.
1432 1506 1482 1549 fr.
1506 1510 1588 1555 14).
1619 1509 1763 1548 Monet

126 1585 206 1623 hoc
238 1595 397 1624 nomen
430 1585 481 1625 de
513 1586 656 1634 Axylo
691 1585 759 1624 vel
793 1585 953 1634 Oxylo,
989 1586 1081 1633 qui:

363 1659 515 1707 πάντας
549 1659 752 1710 φιλέεσκεν
785 1659 883 1715 ὁδῷ
917 1659 998 1699 ἔπι
1031 1661 1217 1699 focula
1249 1661 1409 1699 ναίων

369 1736 668 1788 Τευθρανίδης,
702 1734 743 1783 ὃς
775 1735 907 1775 ἔναιεν
941 1735 1149 1791 ἐυκτιμένῃ
1184 1735 1225 1775 ἐν
1260 1736 1415 1790 Ἀρίσβῃ
1484 1740 1531 1783 (Ζ
1569 1738 1619 1775 13
1653 1741 1761 1785 sqq).

184 1812 367 1851 Habitat
401 1813 569 1862 Oxylus
600 1813 713 1862 apud
741 1813 982 1852 Homerum
1012 1812 1207 1863 Arisbae‚
1239 1814 1328 1852 stat
1354 1823 1377 1850 a
1405 1813 1602 1862 partibus
1620 1813 1761 1852 Troia-

124 1897 296 1928 norum.
346 1888 541 1928 Observa
588 1891 737 1928 autem
788 1899 887 1928 eum
938 1890 1083 1928 vocari
1133 1889 1441 1940 Τευθρανίδην;
1491 1889 1763 1928 Teuthranta

126 1965 278 2003 contra
310 1975 517 2014 apparere
550 1966 665 2005 inter
699 1966 889 2005 Graecos
914 1967 956 2004 et
984 1966 1160 2013 quidem
1188 1965 1282 2005 loco
1301 1966 1479 2014 insigni.
1514 1967 1546 2002 E
1565 1966 1648 2005 705
1669 1976 1761 2013 sqq.

126 2039 288 2080 Hector
318 2042 583 2090 prosternit:

361 2115 552 2156 ἀντίθεον
591 2113 823 2169 Τεύθραντ’.
857 2115 919 2156 ἐπὶ
951 2114 993 2156 δὲ
1026 2116 1258 2167 πλήξιππον
1284 2113 1471 2168 Ὀρέστην

369 2192 525 2244 Τρῆχόν
558 2189 582 2231 τ’
619 2192 814 2245 αἰχμητὴν
848 2191 1028 2232 Αἰτωλὸν
1061 2191 1294 2242 Γοινόμαόν
1327 2206 1365 2230 τε

363 2268 612 2319 Γοινοπίὸην
644 2265 681 2307 θ’
707 2266 879 2307 ρΈλενον
911 2267 978 2307 καὶ
1007 2265 1213 2320 Ὀρέσβιον
1246 2267 1515 2320 αἰολομίτρην.

184 2345 361 2383 Orestes
403 2346 471 2384 est
512 2345 752 2384 Phocensis
788 2345 897 2394 „den
941 2346 1008 2384 die
1052 2346 1468 2394 Agamemnonsage
1506 2346 1549 2383 in
1584 2346 1766 2384 anderer

127 2420 299 2459 Gestalt
330 2420 603 2470 ausgebildet
638 2422 740 2460 aber
772 2431 857 2460 von
891 2421 1053 2460 Phokis
1087 2421 1209 2460 nicht
1240 2423 1445 2470 getrennt
1478 2421 1583 2459 hat”
1617 2421 1770 2466 (Bethe

126 2496 291 2536 Homer
323 2507 365 2537 u.
399 2497 437 2536 d.
474 2496 764 2546 Heldensage.
799 2507 838 2546 p.
876 2499 947 2545 15;
982 2497 1081 2536 vide
1115 2508 1186 2536 me
1219 2497 1362 2536 Hand.
1392 2496 1496 2536 IVde
1521 2497 1625 2536 Ned.
1655 2497 1764 2535 Phil.

128 2570 282 2621 Congr.
330 2573 441 2611 1904
484 2584 524 2622 p.
567 2574 621 2612 36
664 2576 795 2621 qu.);
855 2573 1048 2612 Trechus
1097 2583 1341 2622 eponymus
1391 2575 1457 2612 est
1515 2573 1762 2622 Trachinis‚

48 2640 58 2648 '
126 2647 332 2687 Oresbius
378 2649 588 2698 Boeotus,
633 2649 830 2688 Helenus
868 2649 1123 2688 Thessalus.
1158 2649 1446 2688 Teuthrantis
1479 2649 1663 2696 denique
1696 2660 1767 2687 no-

124 2733 225 2762 men
274 2734 374 2763 cum
421 2724 671 2764 Teuthrone
715 2724 870 2773 oppido
923 2724 1036 2772 apud
1090 2724 1338 2763 Taenarum
1377 2725 1519 2773 posito
1563 2725 1767 2763 cohaeret

125 2789 242 2838 (Fick
285 2800 436 2849 Vorgr.
483 2800 629 2840 Ortsn.
663 2811 703 2849 p.
739 2801 824 2845 91).
879 2800 947 2839 Sic
994 2800 1186 2848 suspicio
1236 2801 1374 2839 oritur
1424 2800 1615 2847 Oxylum
1664 2810 1763 2847 quo-

123 2885 204 2922 que
251 2878 456 2923 quamvis
505 2875 688 2915 Arisbae
737 2875 905 2914 habitet
953 2886 976 2914 a
1026 2875 1206 2914 Graecia
1248 2886 1334 2915 non
1378 2876 1515 2914 fuisse
1558 2875 1764 2914 alienum.

126 2950 295 2991 Revera
327 2952 440 3001 apud
476 2952 823 3000 [Apollodorum]
859 2953 912 3000 (1,
949 2952 986 3000 7,
1018 2952 1056 2997 7)
1102 2951 1222 2990 audit
1254 2950 1370 2990 filius
1404 2951 1691 2999 Protogeniae
1724 2952 1765 2989 et

127 3025 291 3065 Martis.
340 3027 599 3076 Protogenia
639 3030 789 3067 autem
833 3038 854 3066 e
898 3026 1173 3065 Deucalionis
1207 3029 1335 3074 gente
1370 3029 1437 3066 est
1470 3028 1584 3065 orta:
1622 3029 1764 3065 mater
