2200 3487
416 326 498 363 110
1107 333 1159 360 DE
1191 333 1336 360 ΑῙΑΟΕ.

471 449 677 488 Solebant
704 449 941 487 Locrenses
968 447 1099 485 simul
1123 456 1221 485 cum
1241 444 1481 493 virginibus
1499 444 1701 483 emittere
1719 444 1836 481 viros
1857 443 2038 492 aliquot,

410 525 482 572 qui
537 524 695 562 ducum
753 522 893 561 officio
950 522 1250 569 fungerentur.
1311 519 1552 559 Confirmat
1608 519 1779 557 Aeneas
1835 518 2036 556 Tacticus

412 600 597 648 scriptor
629 597 791 636 saeculi
823 597 966 643 quarti
999 607 1035 634 a.
1077 595 1119 635 C.
1155 606 1195 633 n.
1230 595 1349 633 hisce
1382 594 1525 632 verbis
1558 593 1800 638 (Poliorcet.
1835 594 1907 640 31,
1944 593 2037 636 24):

416 684 619 723 „prorsus
666 672 869 721 impediri
915 672 1064 719 nequit
1111 681 1163 708 ne
1206 671 1248 707 in
1292 669 1443 707 urbem
1488 670 1786 716 oppugnatam
1828 668 1925 705 dolo
1969 667 2040 706 ali·

413 751 514 798 quid
570 749 883 787 introducatur.
935 747 1045 784 Nam
1095 747 1198 784 licet
1247 745 1480 792 vigilanter
1527 745 1713 782 caveant
1756 743 1941 781 Ilienses
1987 752 2042 781 ne

414 825 614 865 Locrides
656 823 861 871 oppidum
907 822 1020 860 clam
1062 821 1302 867 introeant,
1345 829 1521 867 operam
1562 818 1760 866 perdunt.
1803 818 2040 856 Locrenses

417 900 531 939 enim
574 900 635 937 ita
677 898 796 936 vafre
836 896 1157 945 prudenterque
1189 904 1282 933 rem
1317 894 1400 931 sibi
1431 893 1685 931 mandatam
1720 891 1962 940 perficiunt,
1995 893 2044 930 ut

414 976 504 1013 iam
535 985 610 1023 per
641 972 808 1010 multos
840 981 977 1009 annos
1018 980 1168 1009 eorum
1211 978 1340 1016 opera
1381 968 1570 1016 virgines
1611 967 1785 1005 Troiam
1825 967 2043 1005 introduci

416 1048 681 1098 potuerint.”

474 1124 568 1162 Non
601 1123 814 1161 miramur
846 1121 1085 1159 Locrenses
1116 1118 1230 1157 filias
1263 1128 1366 1157 suas
1393 1118 1623 1166 sagacibus
1651 1118 1889 1166 peritisque
1915 1118 2043 1156 comi-

415 1199 533 1238 tibus
575 1196 933 1242 commendasse;
975 1205 1046 1233 res
1089 1194 1206 1233 enim
1249 1195 1342 1232 erat
1381 1193 1500 1232 aleae
1542 1193 1682 1241 plena.
1726 1192 1865 1240 Magis
1896 1194 2045 1231 autem

415 1273 664 1313 mirandum
711 1282 760 1310 ac
807 1271 895 1309 fere
944 1269 1177 1308 ridiculum
1220 1269 1404 1318 videtur,
1447 1268 1582 1307 fuisse
1614 1269 1805 1316 tempus,
1839 1277 1921 1315 quo
1958 1278 2044 1306 non

416 1349 604 1397 amplius
635 1348 828 1395 virgines
868 1345 1044 1384 adultas
1075 1345 1150 1383 sed
1182 1345 1374 1383 infantes
1406 1355 1504 1383 cum
1534 1343 1777 1382 nutricibus
1805 1344 2047 1383 mitterent.

419 1425 522 1475 Quis
565 1434 651 1463 non
693 1423 867 1461 aliunde
910 1432 1079 1470 quoque
1112 1431 1204 1459 rem
1239 1431 1369 1468 quam
1403 1421 1599 1459 maxime
1633 1419 1893 1458 dubitationi
1923 1419 2048 1458 obno-

416 1501 537 1539 xiam
565 1497 812 1537 confirmari
839 1497 978 1535 velit?
1005 1496 1175 1534 Fierine
1193 1496 1348 1544 potest,
1366 1497 1416 1534 ut
1434 1495 1590 1542 aliquis
1607 1493 1739 1532 verba
1757 1493 2051 1533 Callimachea

417 1572 664 1624 (παρθένους
708 1571 954 1617 ἐνιαυσιαίοις
997 1571 1131 1609 SChOl.
1175 1571 1275 1618 Lyc.
1320 1570 1445 1609 Alex.
1490 1581 1554 1609 VS.
1602 1569 1727 1613 1141)
1771 1569 1888 1609 male
1920 1569 2035 1608 inter

418 1651 629 1699 pretatus,
658 1649 782 1697 quasi
809 1648 1006 1686 valerent
1036 1647 1256 1696 „virgines
1283 1657 1418 1684 unum
1440 1656 1602 1685 annum
1621 1646 1792 1694 natas”,
1811 1646 2051 1694 epitomam

418 1725 698 1774 praepostere
739 1723 971 1772 supplerit,
1006 1721 1165 1760 additis
1197 1722 1457 1771 nutricibus,
1493 1722 1594 1768 quia
1626 1721 1720 1760 sola
1751 1719 1797 1758 τὰ
1828 1718 1958 1770 βρέφη
1989 1720 2051 1758 ire

420 1811 506 1839 non
540 1799 753 1848 possent?

481 1875 562 1913 Sed
594 1876 874 1912 transeamus
907 1873 960 1911 ad
994 1872 1196 1910 Servium
1229 1872 1342 1920 apud
1375 1882 1505 1919 quem
1539 1871 1728 1919 legimus
1761 1872 1882 1916 (Aen.
1912 1871 1931 1909 I
1960 1871 2052 1916 41):
2081 1902 2085 1904 .

425 1951 608 1999 „dicitur
650 1949 845 1987 Minerva
886 1948 938 1986 ob
971 1948 1174 1985 vitiatam
1209 1946 1502 1985 Cassandram
1536 1947 1579 1984 in
1611 1946 1774 1994 templo
1806 1956 1884 1985 suo
1916 1945 2054 1984 solius

420 2027 568 2065 Aiacis
611 2034 751 2073 poena
791 2033 877 2062 non
919 2023 1058 2061 fuisse
1101 2024 1324 2071 contenta,
1368 2024 1416 2060 ut
1452 2024 1605 2070 postea
1637 2032 1712 2070 per
1745 2022 1972 2060 oraculum
2004 2021 2086 2073 de,

420 2101 515 2140 eius
556 2110 689 2148 regno
733 2099 968 2147 quotannis
1000 2108 1134 2137 unam
1169 2098 1360 2136 nobilem
1387 2098 1576 2146 puellam
1605 2098 1783 2136 iusserit
1816 2098 1944 2136 Ilium
1972 2096 2056 2135 sibi

419 2177 472 2215 ad
515 2175 780 2214 sacrificium
824 2175 943 2212 mitti
986 2176 1029 2212 et
1072 2174 1183 2222 quod
1226 2176 1294 2212 est
1327 2174 1517 2222 amplius
1549 2174 1599 2212 de
1633 2184 1683 2212 ea
1714 2173 1851 2221 tribu,
1886 2173 1937 2210 de
1971 2182 2055 2219 qua

421 2251 532 2289 Aiax
565 2251 724 2298 suerat,
761 2250 878 2288 sicut
910 2250 1119 2288 Annaeus
1152 2249 1354 2287 Placidus
1387 2249 1566 2287 refert.”

485 2326 682 2375 „Unam”
718 2325 824 2363 illud
858 2325 1064 2363 convenit
1097 2335 1196 2363 cum
1232 2324 1377 2362 verbis
1410 2324 1565 2363 scholii
1599 2324 1651 2362 ad
1685 2324 1895 2372 Lycophr.
1929 2322 2054 2361 AleX.

423 2412 485 2440 VS.
509 2402 619 2440 1159
643 2400 814 2450 ηαὐτοὺς
833 2400 952 2438 πάλιν
971 2398 1140 2448 πέμπειν
1159 2398 1289 2438 οὐκέτι
1310 2399 1382 2438 δύο
1402 2397 1497 2436 ἀλλὰ
1516 2400 1651 2448 μίαι’.”
1672 2399 1791 2448 Quod
1810 2398 1942 2446 igitur
1958 2398 2057 2445 post

421 2476 585 2514 bellum
617 2476 879 2514 Phocaicum
913 2475 1005 2514 fieri
1038 2474 1226 2524 solebat,
1256 2476 1303 2513 ut
1331 2485 1417 2513 una
1443 2474 1572 2513 modo
1591 2474 1773 2512 victima
1789 2473 2055 2520 mitteretur,

424 2552 465 2589 id
498 2552 609 2599 apud
639 2551 838 2589 Servium
868 2551 994 2598 quasi
1021 2551 1115 2599 ipso
1142 2550 1317 2589 oraculo
1345 2550 1665 2598 praescriptum
1683 2548 1819 2586 fuisse
1838 2549 2056 2586 nalratur.

423 2626 621 2664 Adicitur
647 2626 821 2673 quidem
855 2625 1145 2673 „quotannis”
1175 2627 1220 2663 at
1236 2626 1336 2673 post
1354 2625 1502 2662 omnia
1521 2624 1609 2672 illa,
1630 2633 1737 2670 quae
1756 2632 1887 2670 supra
1905 2622 1984 2660 hac
2005 2622 2056 2660 de

424 2712 468 2739 re
501 2701 855 2748 observavimus,
890 2711 943 2738 ne
982 2700 1186 2738 Placidus
1219 2700 1393 2746 quidem
1429 2710 1527 2738 cum
1562 2698 1711 2737 Servio
1744 2697 1946 2735 inducere
1979 2706 2059 2734 nos

423 2777 607 2824 possunt
641 2777 688 2813 ut
716 2775 964 2822 credamus,
997 2775 1218 2822 virginum
1247 2784 1480 2812 numerum
1509 2774 1552 2811 in
1581 2773 1686 2811 aede
1705 2771 1856 2810 servili
1874 2781 2057 2809 munere

424 2850 720 2897 fungentium,
768 2849 804 2886 si
848 2849 1084 2895 quotannis
1128 2859 1214 2887 una
1258 2849 1497 2896 accederet,
1534 2849 1683 2885 tamen
1731 2847 1838 2884 duas
1884 2856 2058 2894 semper

425 2925 656 2963 mansisse.
701 2924 884 2962 Omnem
928 2926 1040 2962 enim
1087 2924 1405 2962 dubitationem
1449 2924 1605 2962 eximit
1648 2923 1854 2960 Timaeus
1887 2922 2056 2961 verbis:

430 2998 500 3047 „ai
523 2997 722 3048 παρθένοι
750 2996 964 3035 ἐδούλευον
998 2998 1071 3035 δύο
1106 2992 1265 3035 οὗσαι”.
1298 2998 1549 3036 Revertitur
1577 2999 1726 3035 autem
1755 2995 1796 3035 τὸ
1824 2997 2057 3045 quotannis
