2200 3487
447 337 500 374 86
1150 348 1202 375 DE
1234 347 1378 375 AIACE.

445 459 590 497 tribus
631 458 767 497 oculis
809 459 1040 506 praeditos.
1085 459 1236 497 Martis
1269 467 1437 506 quoque
1480 458 1611 505 angui
1648 458 1764 505 „tres
1798 456 1970 494 vibrant
2002 456 2078 494 lin-

444 543 571 582 guae,
615 534 775 581 triplici
819 535 939 572 stant
971 534 1117 572 ordine
1151 535 1334 573 dentes”
1378 533 1516 577 (Ovid.
1550 533 1649 571 Met.
1686 533 1724 581 3,
1760 533 1843 576 34).
1885 532 2077 579 Iuppiter

446 609 556 656 gerit
599 608 763 647 fulmen
807 609 1055 657 trisulcum,
1101 609 1329 657 Neptunus
1362 607 1618 655 tridentem,
1652 607 1863 645 Hercules
1897 608 1940 644 et
1971 606 2073 644 The-

447 693 548 721 seus
595 683 766 721 clavam
816 684 1032 722 trinodem
1082 684 1219 728 (Ovid.
1263 684 1378 721 Fast.
1424 684 1455 729 Ι,
1492 683 1599 730 575;
1645 682 1820 721 Heroid.
1855 682 1925 730 IV,
1963 683 2059 726 115)

447 757 542 796 Huc
585 767 752 805 quoque
793 757 895 795 facit
938 755 1130 804 τρισκελές
1172 758 1278 796 illud
1311 758 1353 795 in
1387 756 1584 795 nummis
1616 756 1758 805 lyciis,
1795 756 2077 804 syracusanis

450 832 596 880 „jenes
636 832 815 870 weithin
861 832 1119 871 verbreitete
1164 831 1363 880 symbol,
1408 832 1485 869 das
1528 841 1679 878 wegen
1722 832 1866 869 seiner
1909 833 2074 879 apotro-

445 907 652 954 paischen
684 906 810 945 Kraft
842 906 1001 946 ebenso
1035 907 1117 945 wie
1149 906 1412 945 Donnerkeil
1450 906 1536 944 und
1571 905 1842 953 Gorgoneion
1875 916 1977 954 gern
2013 906 2079 944 als

446 982 733 1020 schutzendes
775 982 961 1020 Zeichen
1003 982 1079 1020 auf
1118 982 1321 1021 Schilden
1365 981 1636 1029 angebracht
1667 981 1841 1019 wurde”
1877 977 2076 1032 (Usener,

446 1057 665 1100 Dreiheit).
715 1058 836 1095 Inest
881 1057 924 1095 in
973 1067 1155 1096 numero
1203 1059 1295 1095 tres
1337 1057 1403 1095 vis
1451 1057 1662 1104 quaedam
1717 1056 1906 1105 magica,
1968 1066 2078 1103 quae

447 1142 618 1179 semper
657 1133 859 1170 naturam
893 1142 1024 1180 supra
1057 1132 1317 1180 humanam,
1352 1130 1564 1181 δαίμονιόν
1597 1146 1651 1177 τι,
1688 1131 1863 1170 indicat.

506 1207 586 1245 Sed
619 1207 810 1245 nondum
845 1207 1196 1255 deprompsimus
1230 1210 1386 1245 cuncta
1413 1207 1677 1245 documenta
1703 1206 1850 1245 Aiacis
1878 1206 2071 1254 originis.

446 1283 555 1320 Nam
598 1284 738 1320 mater
782 1281 929 1320 Aiacis
971 1281 1178 1321 Periboea
1219 1292 1342 1320 soror
1385 1284 1451 1320 est
1499 1281 1705 1330 Capanei,
1755 1282 1871 1320 illius
1914 1282 2070 1330 heroiS,

447 1358 570 1395 cuius
602 1358 746 1405 imago
779 1358 841 1395 sic
870 1357 921 1395 ab
955 1357 1174 1405 Aeschylo
1208 1357 1475 1405 depingitur:

682 1430 898 1477 Καπανεὺς
932 1428 966 1469 δ’
1006 1428 1061 1469 ἐπ’
1094 1428 1368 1482 Ἠλέκτραισιν
1400 1431 1551 1482 εἴληχεν
1583 1431 1740 1481 πύλαις,

681 1506 792 1558 γίγας
825 1503 885 1544 ὅδ’
922 1505 1038 1553 ἄλλος
1070 1512 1139 1545 τοῦ
1174 1506 1299 1557 πάρος
1332 1504 1568 1558 λελεγμένου

681 1582 842 1631 μείζων,
861 1579 880 1619 ὁ
898 1581 1050 1632 κόμπος
1070 1579 1103 1619 δ’
1128 1581 1174 1620 οὐ
1192 1578 1272 1619 κατ’
1294 1579 1517 1632 ἄνθρωπον
1535 1584 1687 1632 φρονεῖ.
1721 1582 1853 1631 (Sept.
1868 1583 2071 1630 4lOsqq.)

504 1657 734 1696 Rhetorice
781 1658 989 1696 nimirum
1039 1658 1168 1706 poeta
1214 1657 1283 1696 hic
1328 1657 1465 1696 utitur
1523 1657 1732 1696 vocabulo
1777 1657 1980 1709 γίγαντος,
2031 1660 2076 1696 at

446 1733 631 1772 observa
678 1733 1012 1772 similitudinem
1059 1738 1129 1771 τοῦ
1177 1730 1308 1782 ἤθους
1355 1733 1468 1772 inter
1515 1732 1762 1782 Capaneum
1811 1734 1854 1772 et
1894 1733 2074 1773 Aiacem

447 1810 537 1848 veri
585 1810 775 1858 gigantis
817 1810 1035 1857 nepotem.
1077 1808 1220 1847 Verba
1260 1818 1422 1856 magna
1463 1809 1604 1847 iacere
1636 1809 1809 1856 utrique
1843 1819 2076 1848 commune

446 1888 532 1934 est,
568 1885 679 1932 quod
713 1884 872 1922 clarius
906 1884 1039 1922 etiam
1072 1883 1120 1922 fit
1152 1883 1326 1922 collatis
1358 1884 1559 1922 versibus
1592 1885 1676 1922 414
1711 1895 1826 1932 sqq.:

681 1963 783 1998 θεοῦ
817 1974 854 1997 τε
887 1958 959 2010 γὰρ
993 1957 1183 2004 θέλοντος
1217 1957 1420 2009 ἐκπέρσειν
1452 1958 1569 1997 πόλιν

681 2034 746 2074 καὶ
781 2033 833 2085 μὴ
866 2033 1056 2080 θέλοντος
1089 2034 1232 2085 φησίν,
1266 2032 1361 2073 οὐδὲ
1394 2033 1464 2084 τὴν
1495 2034 1589 2081 Διὸς

680 2110 763 2162 ἔριν
794 2109 907 2149 πέδοι
939 2109 1154 2160 σκήψασαν
1188 2108 1372 2159 ἐμποδὼν
1405 2112 1580 2160 σχεθεῖν,

448 2199 546 2226 cum
580 2187 726 2225 Aiacis
758 2186 903 2225 verbis
936 2185 957 2223 δ
991 2186 1075 2224 503
1108 2196 1191 2233 sq.:

858 2259 1108 2311 ὑπερφιάλου
1140 2257 1267 2306 ,Ρέπος
1299 2258 1438 2310 ἔκβαλε
1471 2257 1537 2297 καὶ
1571 2257 1647 2311 μέγ’
1685 2258 1833 2311 ἀάσθη·

679 2333 752 2385 ’φῆ
786 2333 819 2387 ῤ’
858 2334 1024 2386 ἀῐέκητι
1055 2338 1166 2373 θεῶν
1199 2333 1376 2386 φυγέμεν
1411 2333 1508 2387 μέγα
1541 2338 1684 2386 λαῖτμα
1716 2336 1938 2386 θαλάσσης,

506 2411 732 2460 Capaneus
765 2411 833 2450 vel
867 2412 1120 2460 Skapaneus
1153 2414 1192 2456 (a
1225 2411 1356 2450 verbo
1390 2410 1547 2450 σκάπτω
1580 2414 1628 2451 ut
1661 2413 1844 2452 coniecit
1868 2413 2072 2453 Wilamo·

447 2488 563 2531 witz)
598 2485 639 2524 ἐν
672 2494 721 2540 τῷ
756 2492 824 2536 τῆς
858 2485 1024 2532 ἀσπίδος
1059 2486 1205 2541 σημείῳ
1238 2487 1323 2525 fert
1355 2487 1602 2535 gigantem:

680 2560 754 2612 ἔχει
787 2559 829 2599 δὲ
862 2567 969 2612 σῆμα
1001 2560 1159 2613 γυμνὸν
1192 2560 1321 2612 ἄνδρα
1353 2561 1592 2613 πυρφόρον,

681 2635 813 2688 φλέγει
846 2635 888 2675 δὲ
920 2636 1077 2687 λαμπὰς
1111 2636 1177 2675 διὰ
1211 2644 1336 2688 χερῶν
1367 2636 1594 2688 ὡπλισμένη

447 2713 534 2761 vel,
570 2714 617 2751 ut
650 2712 886 2751 afferamus
919 2714 1051 2751 verba
1082 2713 1314 2762 Euripidea
1347 2714 1524 2759 (Phoen.
1563 2715 1671 2752 1131
1702 2717 1805 2760 sq.):

682 2788 793 2839 γίγας
827 2785 880 2825 ἐπ’
919 2787 1039 2838 ὤμοις
1072 2787 1245 2840 γηγενὴς
1279 2787 1374 2838 ὅλην
1407 2788 1523 2827 πόλιν

683 2861 815 2914 φέρων
848 2867 1050 2914 μοχλοῖσιν
1084 2863 1363 2911 ἐξανασπάσας
1395 2863 1575 2915 βάθρων.

505 2939 789 2987 Participium
823 2937 1110 2989 ἐξανασπάσας,
1147 2941 1259 2988 quod
1288 2941 1507 2979 memorat
1539 2925 1720 2987 etymon
1753 2940 1944 2978 nominis
1977 2941 2074 2978 Sca-

447 3015 591 3062 panei‚
641 3024 771 3062 quam
819 3015 909 3053 sint
953 3015 1066 3053 inter
1108 3026 1153 3054 se
1195 3015 1364 3054 similes
1403 3016 1531 3054 heros
1574 3015 1666 3063 ipse
1710 3017 1754 3053 et
1785 3015 1910 3063 gigas
1946 3025 2073 3062 quem
