2200 3487
469 340 524 376 20
1162 343 1214 369 De
1247 341 1391 369 ΑῐΑθΕ.

466 463 750 501 inclarescere
777 460 937 507 coepit,
965 459 1057 495 tam
1085 457 1199 493 hunc
1225 455 1403 492 heroem
1430 463 1562 500 quam
1590 454 1831 492 Minervam
1850 454 2087 502 Aethyiam

465 540 595 585 atque
627 537 903 584 Megarenses
935 541 1143 580 aggressa
1175 531 1243 568 est
1276 529 1514 568 cantando:

763 608 954 646 Πανδίων
989 609 1166 657 Τεύκρου
1200 603 1295 655 φέρε
1327 604 1517 653 καμπύλα
1548 603 1663 651 τόξαέ

467 689 545 737 Qui
577 697 731 726 versus
763 685 894 733 igitur
927 683 1099 722 circiter
1132 691 1294 719 annum
1331 681 1415 718 510
1449 680 1492 718 in
1525 681 1769 719 Homerum
1802 682 2093 730 interpolatus

465 765 604 810 docet,
655 761 874 799 Philaidas
922 767 1089 805 quoque
1137 757 1189 794 ab
1238 756 1369 794 Aiace
1417 756 1582 794 maiore
1625 756 1829 795 oriundos
1871 757 2087 796 minorem

465 839 642 876 Aiacem
688 835 870 873 minime
917 832 1180 880 neglexisse.
1233 831 1373 870 Huius
1422 831 1539 869 enim
1588 842 1719 870 causa
1765 832 2088 880 Megarensium

464 915 589 952 deam
624 911 770 965 (Paus.
805 910 841 958 Ι,
878 911 923 957 ε’),
961 906 1001 960 3)
1033 907 1256 955 petebant.

519 989 612 1026 Iam
671 986 860 1024 vidimus
909 984 1063 1022 Aiaces
1111 984 1155 1021 et
1201 983 1414 1021 Teucrum
1464 983 1507 1019 N
1551 983 1637 1020 313
1686 992 1772 1021 uno
1819 993 1949 1021 versu
1991 993 2088 1022 esse

459 1064 725 1102 coniunctos
768 1061 931 1109 Operae
964 1061 1113 1098 autem
1147 1058 1335 1106 pretium
1370 1060 1437 1096 est
1467 1059 1610 1097 totum
1643 1058 1890 1097 exscribere
1922 1059 2087 1105 locum,

459 1141 507 1178 ut
548 1138 705 1176 melius
749 1137 974 1185 appareat,
1017 1145 1148 1182 quam
1192 1136 1309 1172 arcte
1352 1134 1605 1172 coniunctos
1637 1134 1719 1172 sibi
1750 1133 1929 1173 finxerit
1960 1137 2089 1182 poeta

459 1216 537 1253 hos
582 1216 670 1252 tres
718 1213 885 1251 heroes„
936 1210 1147 1258 Observa,
1192 1210 1264 1256 qui
1304 1210 1348 1247 in
1392 1219 1524 1248 unam
1568 1219 1800 1258 personam
1844 1210 2087 1250 coalescere

461 1290 713 1327 videantur:

754 1359 923 1407 Αἴαντές
955 1375 993 1399 τε
1025 1361 1110 1399 δύω
1147 1360 1320 1411 Τεῦκρός
1351 1356 1444 1406 θ’ὃς
1478 1358 1638 1411 ἄριστος
1671 1362 1835 1411 Ἀχαιῶν

754 1437 969 1490 τοξοσύνῃ,
1001 1435 1156 1488 ἀγαθὸς
1190 1434 1232 1474 δὲ
1263 1434 1329 1474 καὶ
1363 1434 1405 1474 ἐν
1437 1435 1578 1489 σταδίῃ
1610 1434 1773 1489 ὑσμίνῃ·

753 1513 797 1551 οἴ
822 1528 890 1562 μιν
924 1513 1188 1558 (Hectorem)
1222 1511 1326 1562 ἅδην
1358 1510 1519 1550 ἐλάουσι
1551 1509 1617 1549 καὶ
1644 1509 1862 1561 ἐσσύμενον
1888 1510 2089 1562 πολέμοιο.

755 1589 854 1628 αἰπύ
885 1590 957 1627 fon
989 1587 1177 1637 ἐσσεῖται,
1208 1588 1313 1638 μάλα
1340 1601 1413 1639 περ
1448 1593 1624 1638 μεμαῶτι
1655 1587 1872 1638 μάχεσθαι,

751 1665 895 1704 κείνων
929 1664 1139 1715 νικήσαντι
1171 1662 1291 1714 μένος
1324 1662 1391 1702 καὶ
1423 1666 1553 1714 χεῖρας
1586 1662 1766 1710 ἀάπτους

754 1747 854 1792 νῆας
887 1740 1120 1793 ἐνιπρῆσαι,
1152 1740 1213 1779 ὅτε
1245 1739 1300 1790 μὴ
1332 1739 1451 1786 αὐτός
1484 1754 1526 1791 γε
1559 1740 1747 1791 Κρονίων

753 1816 918 1868 ἐμβάλοι
951 1817 1174 1867 αἰθόμενον
1208 1815 1331 1854 δαλὸν
1363 1815 1502 1866 νήεσσι
1532 1819 1670 1870 θοῇσι.

755 1891 872 1944 ἀνδρὶ
905 1891 948 1931 δέ
980 1889 1009 1930 κ’
1033 1891 1080 1931 οὔ
1112 1892 1255 1939 faigm
1287 1890 1407 1943 μέγας
1443 1891 1694 1941 Τελαμώνιος
1728 1891 1850 1941 Αἴας,

755 1967 850 2009 οὐδέ
881 1965 912 2007 κ’
949 1971 1118 2020 Άχιλλῆι
1149 1968 1340 2020 ῥηξήνορι
1371 1968 1560 2019 χωρήσειε

754 2045 796 2084 ἐν
829 2042 860 2096 γ’
896 2044 1157 2099 αὐτοσταδίῃ.

518 2123 694 2161 Minime
725 2122 951 2161 inferiores
983 2122 1128 2170 partes
1160 2122 1323 2160 Teucer
1354 2124 1503 2160 noster
1536 2122 1578 2159 in
1611 2121 1745 2160 Iliade
1772 2122 1874 2170 agit.
1904 2121 2086 2170 Saepius

460 2208 558 2236 cum
604 2198 791 2236 Hectore
838 2197 1090 2245 proeliatur.
1142 2196 1175 2234 Θ
1222 2197 1304 2235 281
1356 2207 1447 2244 qu.
1497 2198 1804 2245 Agamemnon
1853 2195 2088 2235 honorifice

460 2284 559 2312 eum
593 2274 838 2322 alloquitur,
874 2274 964 2326 vel,
999 2274 1111 2321 quod
1144 2274 1241 2321 plus
1274 2275 1360 2322 est,
1394 2274 1589 2322 praemia
1620 2274 1813 2312 secunda
1838 2273 2039 2312 Troianis
2068 2284 2090 2312 e

457 2348 607 2396 spoliis
633 2359 679 2387 se
708 2349 745 2387 ei
772 2350 931 2388 ceteris
959 2350 1236 2388 Achaeorum
1264 2349 1552 2388 nobilissimis
1578 2349 1843 2397 posthabitis
1860 2359 2087 2387 cessurum

462 2434 578 2472 esse,
613 2424 819 2462 declarat.

609 2500 690 2537 281
759 2502 904 2549 Τεῦκρε
938 2499 1034 2550 φίλη
1067 2498 1240 2550 κεφαλὴ,
1276 2499 1522 2550 Τελαμώνιε,
1552 2500 1714 2550 κοίρανε
1745 2503 1854 2538 λαῶν

611 2576 693 2612 282
757 2572 860 2625 βάλλ’
898 2575 1042 2625 οὕτως,
1075 2575 1122 2613 αἴ
1146 2574 1214 2614 κέν
1247 2590 1281 2613 τι
1313 2575 1417 2625 φάος
1451 2578 1651 2614 Δαναοῖσι
1682 2574 1825 2627 γένηαι

610 2650 693 2687 283
755 2650 876 2700 πατρί
905 2665 942 2688 τε
976 2658 1029 2699 σῷ
1067 2653 1290 2701 Τελαμῶνι,
1323 2650 1343 2689 ὅ
1375 2648 1411 2689 σ’
1447 2649 1584 2702 ἔτρεφε
1615 2650 1764 2690 τυτθὸν
1797 2650 1931 2699 ἐόντα,

609 2724 692 2761 285
755 2724 821 2762 τὸν
854 2724 919 2763 καὶ
951 2723 1089 2775 τηλόθ’
1127 2725 1243 2765 ἐόντα
1276 2725 1452 2777 ἕυκλεΐης
1484 2724 1690 2777 ἐπίβησον.

757 2798 818 2837 σοὶ
852 2797 888 2837 δ’
926 2799 999 2851 ἐγὼ
1034 2800 1223 2852 ε’κῘερέω,
1255 2800 1306 2848 ὡς
1340 2800 1407 2840 καὶ
1439 2799 1712 2851 τετελεσμένον
1745 2799 1867 2839 ἔσται·

756 2873 802 2910 αἴ
829 2888 895 2912 κεν
928 2873 1014 2924 ἐμοὶ
1047 2876 1129 2930 δῴῃ
1164 2877 1264 2923 Ζεύς
1297 2873 1329 2915 τ’
1366 2876 1542 2928 αἰγιόχος
1574 2875 1641 2914 καὶ
1673 2876 1825 2926 Ἀθήνη

758 2949 894 2987 Γιλίου
928 2948 1169 2997 ἐξαλαπάξαι
1202 2951 1245 2990 ἐὺ
1278 2952 1466 3002 κτίμενον
1498 2951 1741 3002 πτολίεθρον

757 3023 896 3077 πρώτῳ
928 3039 986 3063 τοι
1018 3022 1098 3074 μετ’
1136 3024 1202 3076 ἐμὲ
1233 3027 1454 3079 πρεσβήιον
1487 3025 1529 3065 ἒν
1565 3024 1647 3078 χερὶ
1679 3026 1808 3076 θήσω.
