2141 3487
782 329 834 356 DE
867 329 1011 357 ΑΙΑυΕ.
1655 323 1709 360 99

144 445 460 484 Dubitamusne
492 445 595 492 quin
627 444 762 483 etiam
795 444 973 482 Telamo
1007 443 1209 482 Herculis
1242 445 1392 482 contra
1417 445 1544 483 Eleos
1571 447 1715 485 socius

87 521 230 559 media
261 531 283 559 e
316 520 494 559 Graecia
525 520 711 558 tralatus
742 520 801 557 sit
832 520 874 556 in
908 519 1172 557 Arcadiam?

148 596 306 644 Quodsi
351 596 449 644 quis
490 598 631 644 rogat,
677 597 851 635 cuinam
894 595 1050 643 populo
1079 596 1337 643 praesertim
1373 596 1581 635 debeatur
1613 599 1714 636 emi-

85 672 226 718 gratio
271 672 347 710 illa
393 673 642 720 nominum,
693 681 803 719 quae
845 681 920 719 per
955 672 1092 708 totam
1123 671 1314 710 mediam
1349 671 1596 721 Graeciam,
1641 683 1716 721 per

86 746 271 796 Elidem,
316 748 549 786 Arcadiam
590 746 1002 796 septentrionalem,
1049 746 1217 785 insulas
1249 746 1378 786 Sinus
1411 748 1605 786 Saronici
1636 748 1716 786 dis·

87 832 214 869 persa
254 825 427 862 tantum
470 834 555 862 non
597 824 745 862 omnia
788 823 1013 861 Locridem
1046 822 1301 870 respiciant,
1335 823 1397 861 ita
1428 825 1477 861 ut
1509 824 1719 871 appareat

85 899 233 937 Iliadis
263 899 438 937 heroem
465 899 758 937 fortissimum
786 908 807 936 e
836 898 1124 936 daemonibus
1140 898 1427 937 Locrensibus
1443 899 1717 948 provenisse,

87 974 404 1022 respondemus
434 973 572 1011 fnisse
605 973 799 1021 Leleges.
833 973 887 1011 Hi
920 982 1088 1020 quoque
1122 973 1318 1022 fuerunt,
1353 974 1555 1012 homines
1583 974 1621 1012 si
1648 974 1720 1021 qui

14 1070 25 1080 -
86 1049 159 1087 alii
188 1049 424 1087 maritimis
446 1048 579 1087 dediti
602 1048 749 1096 rebus,
779 1048 852 1095 qui
869 1049 1012 1087 totum
1031 1048 1146 1086 hunc
1163 1048 1329 1086 cultum
1348 1059 1451 1096 prae
1471 1049 1719 1098 achaicum,

85 1134 215 1171 quem
264 1134 348 1162 non
391 1123 548 1161 iniuria
590 1123 822 1171 lelegeium
856 1123 1174 1170 nominaveriS,
1210 1133 1362 1161 secum
1396 1124 1723 1162 transtulerunt

87 1200 301 1238 orientem
335 1210 488 1238 versus
521 1200 564 1237 in
597 1198 752 1236 Asiam
786 1198 1014 1237 Minorem.

482 1581 634 1625 XVII.
675 1582 917 1635 Parergon
949 1581 1336 1636 mythologicum.

154 1724 448 1763 Versabamur
495 1723 683 1772 Caphyis
730 1724 773 1761 in
821 1722 1121 1771 Peloponneso
1174 1734 1306 1772 prope
1355 1724 1408 1762 ab
1457 1724 1729 1763 Orchomeno

96 1801 226 1848 atque
266 1799 577 1838 statuebamus
620 1809 704 1837 non
746 1799 886 1837 multo
928 1799 1031 1837 hinc
1063 1799 1216 1837 abesse
1248 1797 1294 1836 τὰ
1328 1799 1498 1850 Ἀγχίσια
1531 1797 1614 1848 ὄρη.
1648 1800 1730 1837 Sed

94 1876 137 1913 in
177 1875 281 1925 ipsa¹
314 1875 444 1913 huius
487 1875 651 1913 montis
696 1875 856 1913 vicinia
899 1874 1016 1912 aliud
1056 1884 1219 1912 nomen
1257 1875 1478 1913 troianum
1522 1874 1727 1922 occurrit,

94 1951 207 1999 quod
250 1951 370 1990 hisce
412 1952 463 1990 de
504 1951 634 1990 rebus
673 1951 904 1999 agentibus
936 1951 1120 1989 minime
1153 1950 1329 1989 silentio
1362 1950 1729 1999 praetereundum

98 2026 283 2066 videtur.

155 2101 364 2150 Legimus
405 2102 522 2141 enim
565 2102 694 2140 Paus.
738 2101 839 2139 VIII
873 2101 942 2149 24,
978 2101 1025 2138 3:
1073 2099 1180 2149 »ἔστι
1224 2097 1266 2138 δὲ
1307 2098 1374 2138 καὶ
1408 2100 1654 2138 Ζακυνθίων
1687 2107 1732 2153 τῇ

99 2174 312 2226 ἀκροπόλει
350 2176 494 2226 Ψωφὶς
529 2175 674 2227 ὄνομα,
713 2176 771 2215 ὅτι
803 2175 949 2214 ναυσὶν
983 2175 1020 2222 ἐς
1053 2175 1124 2226 τὴν
1158 2182 1284 2226 νῆσον
1318 2175 1547 2225 ἐπεραιώθη
1580 2183 1734 2226 πρῶτος

97 2251 165 2291 καὶ
199 2251 349 2303 ἐγένετο
385 2251 558 2301 οἰκιστὴς
591 2250 693 2301 ἀνὴρ
734 2251 1035 2301 Ψωφίδιος,
1069 2252 1288 2298 Ζάκυνθος
1323 2250 1342 2290 ὁ
1377 2252 1705 2299 Δαρδάνου”.

158 2329 374 2377 Psophide
419 2328 553 2376 igitur
601 2327 828 2366 habitabat
875 2327 982 2366 olim
1030 2328 1159 2366 heros
1207 2329 1385 2367 nomine
1431 2328 1635 2367 Dardani.
1679 2328 1738 2366 At

100 2404 196 2452 quis
229 2404 370 2443 nescit
401 2403 652 2441 Dardanum
687 2413 784 2441 esse
816 2403 1015 2448 heroem,
1050 2413 1181 2449 quem

634 2483 792 2527 πρῶτον
826 2475 967 2515 ’τέκετο
1001 2476 1286 2529 νεφεληγερέτα
1319 2478 1439 2525 Ζεὺς,

335 2550 482 2591 ’κτίσσε
520 2551 562 2591 δὲ
594 2553 845 2603 Δαρδανίην,
878 2551 962 2591 ἐπεὶ
996 2551 1043 2591 οὔ
1076 2568 1137 2591 πω
1173 2553 1304 2600 Ρίλιος
1337 2554 1402 2605 ἱρὴ

339 2627 381 2667 ἐν
413 2628 537 2682 πεδίῳ
565 2625 831 2666 mmmmm?

163 2705 278 2744 Alibi
324 2715 493 2753 quoque
539 2704 728 2743 Dardani
769 2714 930 2742 nomen
973 2705 1041 2742 vel
1084 2705 1230 2753 potius
1270 2705 1514 2744 Dardaniae
1554 2706 1661 2743 illud
1693 2704 1742 2743 fit

102 2780 294 2819 obvium.
327 2780 603 2819 Habitabant
634 2779 823 2817 Dardani
855 2779 898 2816 in
927 2779 1079 2826 Illyria
1105 2780 1279 2824 (Athen.
1307 2781 1421 2829 VIII,
1453 2782 1567 2826 343).
1598 2781 1740 2820 Strab.

103 2855 212 2903 (VII,
248 2857 346 2901 313)
379 2857 438 2895 ibi
471 2857 698 2895 coniunxit
731 2855 988 2894 Autariatas
1021 2857 1064 2893 et
1096 2857 1272 2903 gentem
1300 2857 1609 2895 Dardanicam.
1638 2857 1741 2895 Con—

103 2931 207 2970 iecit
248 2932 351 2970 Fick
394 2931 564 2982 (Vorgr.
609 2931 754 2970 Ortsn.
789 2941 828 2978 p.
866 2931 963 2973 108)
1006 2930 1191 2982 Leleges
1225 2941 1280 2969 ex
1311 2932 1409 2980 ipsa
1440 2932 1590 2980 Illyria
1623 2934 1744 2970 ortos

103 3016 178 3054 per
226 3007 473 3055 Graeciam,
531 3007 703 3045 insulas
750 3008 950 3054 Aegaeas
1007 3007 1049 3043 in
1098 3006 1254 3045 Asiam
1303 3009 1519 3046 minorem
1566 3009 1744 3047 venisse
