2200 3487
902 397 954 424 DE
988 396 1135 424 ΑιΑοΕ.
1811 386 1834 421 5

206 509 345 561 πέλτης
372 510 482 557 ἅναξ.
511 512 542 549 Ε
570 511 755 550 Thracia
782 512 928 560 igitur,
957 522 1066 558 quae
1095 512 1212 560 regio
1241 512 1310 550 his
1338 511 1465 550 annis
1494 508 1835 548 Atheniensibus

206 587 348 635 magis
405 586 631 634 magisque
688 586 1009 635 innotescebat,
1060 586 1177 634 pelta
1223 587 1267 624 in
1316 586 1542 624 Graeciam
1586 583 1835 621 introducta

207 663 390 701 videtur.
433 662 545 700 Num
579 662 690 700 forte
724 672 822 700 cum
856 673 901 701 re
934 672 1094 700 nomen
1128 662 1261 700 simul
1293 661 1558 700 invadebat?
1592 659 1834 698 Observatu

206 739 320 777 certe
352 738 532 786 dignum
566 740 651 787 est,
696 740 864 777 cetram
907 739 1123 777 thraciam
1167 748 1273 777 auro
1316 739 1518 777 ornatam
1561 735 1730 782 vocari;
1774 734 1836 772 sic

206 813 334 854 RheS.
370 823 434 853 vs.
469 814 576 853 370:

559 887 669 939 ἐλθὲ,
701 890 880 940 φάνηθι,
911 888 983 927 τὰν
1017 889 1211 941 ζάχρυσον

560 966 738 1019 Πηλείδᾳ
770 967 978 1017 προβαλοῦ
1010 962 1088 1004 κατ’
1127 964 1233 1016 ὄμμα
1265 963 1409 1003 πέλταν

619 1042 786 1092 δοχμίαν
819 1042 1035 1091 πεδαίρων,

201 1128 285 1165 quo
337 1120 595 1157 ornamento
637 1119 816 1157 Periclis
850 1120 994 1157 aetate
1027 1129 1052 1156 a
1084 1118 1263 1157 Graecis
1295 1117 1437 1156 alieno
1470 1116 1635 1164 optime
1669 1115 1835 1163 clipeus

203 1192 411 1232 barbarus
454 1194 638 1233 indicari
679 1196 866 1243 poterat.
901 1194 1039 1243 Quam
1073 1194 1124 1232 ob
1158 1204 1251 1232 rem
1286 1194 1400 1232 inter
1433 1194 1668 1230 venatores
1700 1190 1835 1228 diver-

202 1269 381 1308 sissimo
404 1269 557 1308 habitu
576 1270 628 1308 ad
647 1280 800 1318 aprum
821 1270 1080 1318 capiendum
1100 1269 1411 1308 convenientes
1430 1268 1531 1313 (vid.
1550 1267 1649 1307 Eur.
1666 1265 1716 1304 fr.
1738 1265 1837 1309 534)

203 1344 382 1384 Telamo
440 1345 613 1383 iuvenis
675 1355 700 1383 a
755 1347 884 1394 poeta
941 1347 1139 1384 armatur
1191 1346 1310 1384 cetra
1356 1344 1527 1382 thracia
1574 1341 1838 1381 emblemate

203 1432 333 1460 aureo
373 1421 650 1469 diffulgente:
684 1422 824 1461 voluit
849 1422 1059 1460 nimirum
1088 1423 1233 1470 poeta,
1263 1422 1312 1459 ut
1339 1421 1612 1469 spectatores
1638 1417 1836 1456 Telamo-

203 1507 303 1536 nem
347 1497 473 1536 iuxta
515 1497 682 1536 Thestii
724 1496 837 1536 filios
870 1497 1054 1536 aetolico
1087 1507 1209 1536 more
1244 1496 1463 1535 calceatos
1497 1493 1552 1540 (τὸ
1585 1493 1699 1532 λαιὸν
1734 1493 1840 1544 ἴχνος

201 1572 422 1624 ἁνάρβυλοι
454 1573 612 1623 ποδός),
644 1574 768 1612 iuxta
800 1574 1045 1623 Ancaeum,
1074 1574 1147 1621 qui
1174 1571 1364 1618 πελέκεως
1394 1570 1436 1610 δὲ
1463 1571 1650 1621 δίστομον
1681 1569 1686 1619 Ι
1714 1567 1835 1621 γένυν

202 1648 363 1699 ἔπαλλε,
409 1650 535 1688 iuxta
581 1649 821 1688 Atalanten
862 1645 936 1695 τόξ’
983 1647 1169 1699 ἔχουσαν,
1210 1648 1445 1687 barbarum
1487 1647 1569 1685 sibi
1609 1646 1836 1695 fingerent.

202 1725 519 1764 Animadverte
552 1725 836 1764 Telamonem
870 1734 1095 1773 nunquam
1127 1725 1314 1763 Athenis
1347 1724 1511 1762 cultum
1547 1723 1700 1771 fuisse,
1735 1721 1837 1760 licet

202 1802 316 1840 Aiax
348 1802 392 1840 et
423 1801 667 1849 Eurysaces
699 1801 883 1840 heroum
919 1801 1040 1840 cultu
1072 1800 1131 1838 ibi
1163 1800 1427 1839 fruerentur.

442 2171 506 2213 H.
540 2171 607 2213 De
640 2169 798 2213 Aiacis
831 2163 1042 2227 ἀῖρωσίᾳ
1076 2168 1198 2223 apud
1229 2169 1594 2212 Philostratum.

264 2340 389 2388 Apud
417 2340 703 2378 scholiastam
732 2339 784 2377 ad
811 2338 1110 2387 Lycophronis
1136 2337 1413 2377 Alexandrae
1440 2347 1504 2376 vs.
1524 2338 1609 2376 455
1627 2337 1834 2385 leguntur

206 2415 329 2454 haec:
378 2411 601 2465 „‘Hpocmlv“79
648 2422 699 2469 τῷ
746 2420 816 2453 τοῦ
857 2413 1014 2461 λέοντος
1057 2413 1220 2465 δέρματι
1253 2412 1322 2452 τὸν
1354 2413 1509 2451 Αἴαντα
1541 2413 1834 2464 περιεκάλυψεν

207 2489 313 2537 ὅπως
346 2489 517 2541 ἄτρωτος
550 2490 622 2540 εἴη·
656 2493 851 2541 μαρτυρεῖ
878 2487 921 2528 δὲ
953 2496 1068 2528 τοῦτο
1101 2488 1169 2528 καὶ
1201 2489 1448 2540 Πίνδαρος”.

265 2567 434 2605 Similia
474 2568 758 2606 inveniuntur
794 2568 838 2605 in
871 2567 1003 2605 schol.
1036 2567 1077 2605 II
1108 2567 1373 2615 Argumenti
1405 2566 1551 2605 Aiacis
1585 2564 1832 2613 Sophoclis:

209 2642 300 2693 „nai
335 2643 558 2694 Πίνδαρος,
590 2642 648 2681 ὅτι
680 2641 722 2680 τὸ
756 2639 826 2692 μὲν
858 2648 989 2692 σῶμα,
1022 2641 1116 2693 ὅπερ
1145 2641 1320 2691 ἕκάλυψε
1347 2639 1372 2691 ἡ
1400 2644 1556 2691 λεοντῆ,
1582 2639 1754 2692 ἄτρωτος
1782 2634 1833 2690 ἦν

205 2718 327 2768 Αἴας,
359 2718 400 2756 τὸ
434 2716 476 2756 δὲ
509 2717 562 2768 μὴ
595 2715 808 2766 καλυφθὲν
839 2716 986 2767 τρωτὸν
1019 2716 1216 2767 ἐ’μεινεν”.

262 2795 429 2834 Iterum
477 2804 502 2833 a
554 2794 754 2833 versibus
801 2794 1042 2832 Pindaricis
1089 2794 1307 2842 discrepat
1352 2795 1534 2841 uterque
1582 2794 1833 2833 scholiasta·

204 2871 362 2910 Narrat
389 2871 506 2909 enim
533 2870 746 2909 Pindarus
774 2870 1046 2919 supplicasse
1073 2870 1328 2919 Herculem,
1358 2872 1406 2909 ut
1428 2872 1520 2909 tam
1539 2881 1563 2909 a
1580 2871 1834 2909 vulneribus

203 2947 328 2984 tutus
374 2945 498 2985 fieret
545 2946 676 2996 Aiax,
721 2956 851 2993 quam
895 2955 920 2983 a
957 2945 1060 2984 telis
1100 2947 1198 2984 tuta
1229 2947 1348 2984 esset
1379 2946 1504 2994 pellis
1537 2957 1617 2985 sua
1647 2947 1833 2986 leonina.

203 3021 355 3060 Infans
403 3023 553 3061 autem
599 3022 794 3060 nondum
842 3023 973 3059 natus
1020 3031 1107 3059 non
1150 3022 1277 3060 facile
1318 3022 1430 3070 pelle
1467 3022 1636 3060 amiciri
1676 3023 1832 3070 potuit.

203 3096 309 3146 Quid
340 3097 507 3147 igitur?
539 3097 636 3137 Alio
664 3097 759 3136 loco
793 3097 979 3137 eundem
1013 3097 1217 3145 mythum
1253 3097 1327 3136 sed
1360 3097 1444 3136 alio
1471 3098 1600 3136 modo
1626 3098 1834 3136 tractavit
