2200 3487
443 323 521 359 124
1130 335 1183 362 DE
1214 335 1357 361 AIACE.

433 445 598 493 cupivit
642 446 881 485 Minervam
920 447 1201 486 Locrensium
1244 449 1371 486 deam
1403 450 1684 497 genetricem.
1718 449 1858 488 Heros
1891 451 2058 498 autem,

435 520 507 557 ubi
538 521 651 559 Aiax
681 521 823 559 factus
855 524 939 570 est,
975 523 1100 561 deam
1133 523 1302 561 laedere
1331 534 1416 562 non
1443 525 1604 572 potuit,
1631 525 1775 572 rapuit
1802 534 1903 562 vero
1928 524 2061 562 simul

434 606 534 633 cum
576 596 762 643 palladio
805 598 917 644 quod
961 598 1081 645 virgo
1124 599 1470 646 amplectebatur
1503 599 1811 638 Cassandram.
1844 599 2061 638 Homerus

434 670 606 716 quidem
634 671 748 709 hunc
774 674 950 719 raptum
976 673 1209 721 ignoravit,
1237 673 1312 710 sed
1343 673 1507 711 Priami
1525 677 1741 724 θυγατρῶν
1757 673 1892 718 ,Ρείδος
1911 671 2064 723 ἀρίστη,

432 755 562 792 quam
610 756 764 793 procus
797 748 948 794 utpote
989 745 1154 795 fanianu
1203 746 1346 799 χρυσέῃ
1392 748 1598 801 Ἀφροδίτῃ
1641 747 1862 786 ἀνέὲεδνον
1905 749 2060 788 ducere

435 819 582 868 voluit,
627 820 705 857 tali
757 821 866 858 sorti
906 822 1000 859 erat
1041 821 1273 859 destinata.
1317 821 1427 860 Nam
1470 823 1568 869 quis
1607 833 1703 861 eam
1746 833 1833 861 non
1866 823 2062 871 cupivit?

434 894 731 943 Othryoneus,
775 894 1009 944 Coroebus,
1043 897 1368 945 Agamemnon,
1405 896 1497 944 ipse
1528 897 1701 946 Apollo,
1740 898 1885 936 Aiax?
1916 898 2060 937 Troia-

434 979 535 1007 nam
563 970 653 1008 fere
686 970 899 1008 Helenam
932 981 1030 1009 eam
1064 971 1377 1010 nominaveris.

490 1046 547 1082 At
579 1045 616 1082 si
648 1045 762 1083 ritus
795 1055 816 1083 e
848 1046 1026 1084 Locride
1059 1047 1394 1094 transmigravit
1425 1047 1469 1085 in
1504 1048 1679 1097 Asiam,
1714 1058 1735 1087 e
1763 1048 1943 1087 Locride
1969 1049 2063 1096 ipsa

430 1121 467 1157 si
511 1122 577 1158 est
624 1121 849 1168 oriundus,
895 1122 987 1160 iure
1019 1122 1257 1171 quaeritur,
1293 1133 1398 1161 num
1432 1123 1543 1162 forte
1576 1124 1764 1171 vestigia
1795 1123 1854 1161 ibi
1885 1125 2063 1163 servata

432 1195 521 1233 sint
563 1196 767 1242 quamvis
814 1196 992 1245 exigua,
1042 1197 1199 1244 quibus
1252 1198 1436 1246 repertis
1483 1199 1707 1237 sententia
1752 1200 1905 1238 nostra
1949 1198 2064 1237 haud

429 1269 652 1309 infirmum
696 1271 900 1309 habitura
942 1271 1002 1309 sit
1038 1272 1393 1311 fundamentum.
1426 1273 1513 1312 Res
1544 1275 1659 1312 certe
1692 1273 1822 1321 digna
1853 1275 1921 1312 est
1952 1283 2062 1321 quae

426 1346 731 1394 perpendatur,
767 1347 971 1393 quamvis
1003 1358 1079 1395 pro
1106 1349 1325 1396 paucitate
1354 1359 1499 1387 rerum
1523 1349 1807 1387 Locrensium
1829 1348 1955 1386 nobis
1975 1358 2062 1390 ser.

431 1422 633 1459 vatarum
667 1421 738 1460 vel
771 1421 1050 1461 levissimum
1085 1424 1294 1462 indicium
1328 1424 1516 1462 maximi
1548 1425 1607 1462 sit
1639 1424 1981 1462 aestimandum.

652 1822 783 1865 XIX.
825 1824 891 1866 De
925 1824 1216 1866 Dauniarum
1250 1824 1446 1876 quodam
1478 1836 1605 1866 more
1638 1824 1849 1867 solemni.

492 1956 540 1993 In
584 1956 709 1995 Libro
752 1956 1005 1995 duodecimo
1048 1958 1300 1996 Athenaeus
1342 1957 1466 1996 nobis
1509 1959 1658 1996 narrat
1690 1958 1832 2005 Lydos
1865 1956 2063 1996 subacto-

433 2040 530 2068 rum
579 2032 821 2070 incolarum
870 2033 1077 2071 mulieres
1123 2032 1234 2083 ὕβρει
1277 2033 1441 2071 eximia
1481 2033 1670 2071 tractare
1712 2032 1865 2071 solitos
1905 2032 2060 2081 fuisse,

433 2106 570 2145 donec
614 2097 700 2146 una
741 2108 896 2146 harum
940 2109 1177 2148 mulierum
1220 2110 1370 2157 regina
1409 2109 1526 2147 facta
1558 2109 1799 2147 vindicaret
1831 2108 2063 2147 offensum.

434 2181 653 2228 Lydorum
687 2184 806 2222 enim
838 2183 950 2222 filias
983 2185 1125 2223 servis
1156 2185 1350 2223 tradidit.

492 2257 708 2306 Intelligis
747 2258 876 2296 αἰτίαν
924 2260 993 2298 hic
1037 2260 1163 2299 nobis
1203 2261 1385 2308 proponi
1428 2261 1563 2299 moris
1597 2260 1824 2299 cuiusdam
1858 2259 1982 2307 Lydii
2014 2258 2067 2297 ab

432 2332 652 2372 Herodoto
694 2334 897 2383 descripti
940 2335 1059 2374 hisce
1094 2336 1259 2374 verbis:
1297 2341 1393 2384 ,τοῦ
1427 2336 1579 2374 Λυδῶν
1613 2334 1743 2385 δήμου
1776 2335 1820 2373 αἵ
1847 2333 2063 2386 θυγατέρες

434 2407 697 2456 πορνεύονται
730 2415 852 2447 πᾶσαι
887 2409 1148 2461 συλλέγουσαι
1181 2411 1294 2460 σφίσι
1326 2411 1504 2462 φερνάς”
1539 2415 1592 2457 (Α
1625 2413 1710 2456 93).

493 2482 636 2530 Pergit
669 2485 924 2524 Athenaeus
956 2497 995 2536 p.
1031 2488 1139 2525 516:
1183 2486 1258 2535 „01'2
1292 2486 1418 2536 μόνον
1452 2485 1494 2525 δὲ
1527 2487 1678 2525 Λυδῶν
1711 2489 1895 2538 γυναῖκες
1927 2483 2069 2534 ἄφετοι

436 2550 553 2600 οὖσαι
594 2561 674 2604 τοῖς
715 2558 922 2610 ἐντυχοῦσι
963 2560 1060 2600 ἀλλὰ
1102 2561 1167 2600 καὶ
1200 2566 1418 2613 Λοκρῶν
1457 2569 1553 2601 τῶν
1581 2560 1967 2613 Ἐπιζεφυρίων
2000 2555 2068 2598 καὶ

435 2632 596 2671 πάντων
636 2633 768 2681 ἁπλῶς
810 2643 886 2675 τῶν
923 2636 1132 2692 ἑταιρισμῷ
1166 2637 1250 2684 τὰς
1283 2637 1481 2676 ἑαυτῶν
1514 2638 1671 2689 κόρας
1704 2637 2063 2686 ἀφοσιούντων

436 2712 640 2756 παλαιᾶς
682 2726 824 2758 τινος
857 2713 1047 2764 ὕβρεως
1079 2712 1255 2752 ἔοικεν
1288 2709 1427 2751 εἶναι
1459 2713 1586 2764 πρὸς
1619 2712 1874 2763 ἀλήθειαν
1907 2711 2064 2760 ὑπόμ-

438 2800 571 2834 νημα
605 2785 688 2824 καὶ
719 2788 983 2838 τιμωρία”.

496 2862 703 2901 Solebant
745 2863 877 2911 igitur
920 2865 1145 2903 Athenaeo
1187 2867 1365 2904 auctore
1404 2866 1644 2904 Locrenses
1685 2864 1961 2913 Epizephyrii
1999 2861 2066 2908 τὰς

434 2935 555 2987 κόρας
599 2936 800 2986 ἀφοσιοῦν
842 2937 1071 2992 ἑταιρισμῷ,
1113 2942 1241 2987 atque
1274 2941 1315 2978 id
1348 2941 1399 2979 ob
1431 2940 1574 2979 scelus
1608 2939 1780 2986 aliquod
1814 2939 1918 2978 olim
1951 2949 2063 2978 com·

437 3013 638 3051 missum.
681 3013 761 3052 Sed
803 3014 874 3051 ubi
917 3013 1107 3062 loquitur
1149 3015 1402 3054 Athenaeus
1434 3015 1485 3053 de
1518 3014 1819 3065 Epizephyriis
1851 3024 1937 3052 non
1970 3023 2062 3064 pos-
