2200 3487
453 321 533 358 120
1144 334 1197 361 DE
1230 335 1375 362 ArAcn.

442 443 693 490 Dascylium
727 446 769 483 in
805 446 1055 493 Mygdonia;
1100 446 1208 485 Gras
1239 447 1424 494 denique
1453 456 1508 485 ex
1536 447 1749 485 Archelao
1778 448 1908 484 natus
1933 447 2072 484 trans-

442 520 566 557 misit
598 519 850 567 Granicum,
885 521 968 559 iter
1000 521 1104 560 fecit
1136 533 1211 570 per
1243 522 1476 571 Troadem,
1511 523 1666 570 petivit
1698 521 1903 560 Lesbum.

503 594 611 632 Gras
645 605 887 643 eponymus
920 596 1039 634 urbis
1071 596 1226 635 Graiae
1258 597 1309 635 ad
1343 597 1552 646 Oropum,
1587 597 1658 644 qui
1690 597 1858 645 primus
1886 595 2072 634 Graecos

442 670 484 707 in
532 670 744 708 Troadem
790 671 1053 719 introduxit,
1100 674 1278 710 centum
1321 673 1478 720 viginti
1520 673 1649 710 annis
1681 674 1779 719 post
1811 671 1986 709 Troiam
2019 670 2071 709 ab
2105 711 2108 713 Α

442 744 774 792 Agamemnone
831 749 1130 795 expugnatam
1191 748 1356 785 vixisse
1407 748 1578 786 dicitur.
1626 748 1786 785 Narrat
1833 746 2075 784 Pausanias

442 820 532 868 (III,
569 822 606 868 2,
642 822 677 865 1)
726 822 814 859 iam
858 822 1109 860 Penthilum
1152 823 1340 860 Lesbum
1372 823 1566 871 venisse,
1601 822 1814 860 Pindarus
1847 831 1968 869 vero,
2003 821 2076 858 ubi

444 895 665 934 Tenedum
698 896 872 945 laudat,
908 897 1048 935 addit:

1093 974 1340 1022 Ἀμύκλαθεν
1372 973 1446 1025 γὰρ
1481 973 1554 1024 ἔβα
1587 973 1662 1011 σὺν
1691 969 1851 1025 Ὀρέστᾳ

738 1046 915 1086 Αἰολέων
949 1047 1135 1097 στρατιὰν
1168 1048 1412 1099 χαλκεντέων
1446 1045 1548 1099 δεῦρ’
1586 1047 1749 1100 ἀνάγων

968 1125 1105 1169 (Nem.
1127 1126 1199 1174 XI,
1221 1127 1276 1164 44
1297 1126 1349 1165 cf.
1369 1126 1518 1165 TzetZ.
1538 1126 1588 1164 ad
1608 1125 1822 1173 Lycophr.
1843 1134 1905 1161 vs.
1929 1123 2071 1180 1374).

499 1198 658 1237 Eodem
691 1200 886 1248 tempore
919 1210 1001 1247 quo
1034 1201 1262 1239 Penthilus
1295 1202 1449 1240 Aulide
1481 1201 1701 1249 profectus
1732 1200 1870 1238 altum
1898 1198 2072 1247 petivit,

439 1272 566 1312 Cleus
614 1273 715 1312 Dori
762 1273 878 1314 filius
925 1278 968 1314 et
1015 1276 1180 1314 Malaus
1224 1277 1433 1315 oriundus
1474 1277 1525 1314 ab
1569 1278 1900 1324 Agamemnone
1940 1274 2070 1312 aliam

440 1348 654 1387 coloniam
698 1350 741 1387 in
784 1350 936 1388 Asiam
979 1350 1277 1398 deduxerunt;
1322 1352 1392 1390 diu
1436 1353 1585 1390 autem
1631 1352 1673 1388 in
1720 1350 1897 1389 Locride
1940 1351 2071 1396 atque

439 1424 490 1461 ad
526 1425 723 1462 montem
757 1425 978 1463 Phricium
1012 1426 1171 1464 morati
1203 1427 1343 1465 serius
1376 1437 1496 1465 mare
1528 1427 1831 1464 tramiserunt.
1870 1424 2072 1463 Condide-

436 1500 536 1536 runt
569 1498 749 1548 Cumas,
784 1500 856 1538 ubi
897 1502 1051 1548 postea
1082 1510 1208 1549 reges
1242 1501 1448 1539 vivebant
1479 1502 1836 1549 Agamemnones
1867 1499 2071 1548 appellati

437 1573 616 1617 (Polluc.
655 1575 730 1623 IX,
766 1576 861 1624 83),
897 1575 959 1613 uti
992 1576 1121 1614 Lesbi
1152 1577 1397 1624 regnabant
1429 1577 1532 1615 olim
1566 1576 1864 1614 Penthelidae.

498 1650 592 1688 Hae
635 1650 937 1698 expeditiones
976 1661 1000 1689 a
1032 1652 1255 1690 nonnullis
1286 1662 1362 1700 pro
1395 1652 1525 1690 rebus
1557 1651 1670 1691 fictis
1704 1652 1918 1690 habentur
1950 1661 2072 1690 exco-

436 1726 600 1773 gitatae
642 1726 686 1764 in
730 1727 1010 1765 commodum
1053 1727 1413 1766 Penthelidarum
1455 1727 1643 1767 Lesbum
1677 1727 1971 1766 habitantium
2003 1726 2073 1765 vel

436 1801 649 1839 nobilium
693 1801 853 1840 Cumas
886 1803 1191 1852 incolentium,
1227 1804 1299 1850 qui
1337 1804 1389 1842 ad
1422 1804 1623 1843 Orestem
1656 1805 1725 1842 vel
1757 1804 1809 1842 ad
1841 1805 2071 1852 Agamem·

433 1886 593 1914 nonem
625 1878 862 1916 stemmata
893 1888 973 1916 sua
1005 1879 1209 1918 reducere
1245 1879 1417 1918 vellent.
1452 1880 1605 1918 Tutius
1640 1890 1740 1918 vero
1769 1882 2018 1918 statuemus
2045 1889 2070 1917 a

434 1952 664 1998 generibus
696 1953 904 2002 Aeolicis,
940 1964 1050 2001 quae
1092 1957 1244 2002 postea
1275 1955 1422 2003 Lesbi,
1457 1955 1621 2002 Cumis,
1656 1955 1914 2003 regnabant,
1951 1955 2071 2003 epica

433 2027 611 2066 nomina
657 2028 775 2067 hisce
824 2039 923 2067 cum
968 2030 1322 2078 expeditionibus
1365 2031 1500 2069 fuisse
1549 2032 1797 2080 coniuncta,
1843 2034 1890 2069 ut
1920 2033 2068 2079 patres

433 2112 536 2140 suos
585 2103 741 2141 multis
781 2105 870 2142 iam
913 2105 1100 2144 saeculis
1142 2108 1264 2155 ante,
1307 2107 1461 2145 statim
1495 2108 1595 2156 post
1625 2107 1789 2146 'bellum
1823 2108 2066 2156 troianum,

433 2177 476 2214 in
519 2179 671 2216 Asiam
716 2180 889 2218 venisse
921 2180 1099 2228 gloriari
1131 2183 1333 2229 possent;
1368 2182 1672 2230 expeditiones
1705 2193 1805 2221 vero
1831 2184 1950 2231 ipsas
1981 2193 2067 2221 non

433 2262 530 2291 esse
572 2254 754 2303 effictas,
799 2255 882 2293 etsi
924 2256 974 2294 de
1016 2256 1286 2304 temporibus
1319 2257 1473 2304 quibus
1506 2258 1824 2296 deducerentur
1857 2258 2069 2306 disputari

432 2328 575 2367 liceat.
596 2328 839 2379 Coloniam,
874 2341 1008 2378 quam
1044 2331 1315 2370 deducebant
1349 2332 1480 2371 Cleus
1512 2336 1555 2371 et
1586 2333 1772 2381 Malaus,
1807 2333 1920 2381 apud
1951 2333 2065 2371 Phri-

435 2404 549 2442 cium
593 2406 791 2443 montem
831 2408 1048 2444 moratam
1083 2416 1180 2445 esse
1213 2407 1325 2446 hanc
1358 2408 1547 2446 sortasse
1580 2408 1632 2446 ob
1666 2418 1844 2447 causam
1877 2407 2066 2456 perhibe-

431 2479 535 2517 bant
566 2480 742 2528 posteri,
781 2482 988 2528 quoniam
1024 2482 1145 2531 Κύμη
1178 2479 1202 2531 ἡ
1240 2481 1440 2531 Φρικωνὶς
1481 2482 1699 2533 καλεομένη
1741 2484 1919 2531 apparet
1952 2483 2068 2521 inter

430 2554 630 2592 Aeolicas
662 2555 811 2604 urbes,
847 2566 953 2603 quas
986 2558 1188 2596 nominat
1220 2558 1468 2597 Herodotus
1500 2559 1532 2611 Ι,
1570 2559 1666 2597 149.
1699 2558 1886 2597 Nomina
1918 2559 2062 2596 autem

408 2627 599 2678 ’Φρίκιου
633 2627 724 2680 ὄρος
760 2632 802 2669 et
839 2632 1039 2681 Φρικωνίς
1072 2633 1188 2671 haud
1215 2633 1342 2671 dubie
1371 2634 1620 2672 cohaerent.
1649 2633 1757 2683 Quid
1782 2633 1915 2681 igitur
1944 2634 2066 2671 vetat

435 2703 673 2743 Cumarum
707 2707 956 2746 conditores
989 2718 1144 2747 revera
1176 2719 1198 2747 e
1230 2709 1408 2748 Locride
1439 2710 1646 2748 venisse?

490 2780 635 2819 Aliam
683 2782 817 2820 etiam
865 2783 1218 2822 observationem
1263 2785 1456 2823 continet
1488 2785 1716 2823 Strabonis
1748 2785 1961 2832 narratio,
1997 2787 2065 2825 cui

432 2855 628 2903 sigillum
676 2857 768 2895 veri
811 2858 1079 2906 im-pressum
1122 2869 1218 2898 esse
1260 2862 1483 2908 putamus.
1524 2861 1732 2908 Loquitur
1764 2861 1880 2899 enim
1914 2862 2065 2899 auctor

433 2931 483 2969 de
517 2931 651 2969 variis
685 2932 1053 2982 expeditionibus,
1085 2945 1193 2982 quae
1221 2935 1302 2973 sibi
1330 2936 1614 2974 succedentes
1641 2936 1816 2974 tandem
1835 2936 2064 2983 aliquando

435 3006 576 3054 ipsam
624 3007 667 3045 in
713 3007 939 3046 Aeolidem
988 3010 1280 3056 pervenerint.
1337 3010 1384 3048 Id
1425 3010 1573 3059 procul
1615 3011 1743 3050 dubio
1785 3021 1938 3050 verum
1982 3015 2062 3052 est.
