2200 3487
433 333 514 370 112
1123 343 1174 369 DE
1205 343 1350 370 ArAcE.

427 458 591 496 creavit
637 458 876 496 scholiasta
922 457 1078 505 aliquis
1133 456 1186 494 ad
1235 455 1577 502 Callimachum;
1630 455 1728 493 inde
1775 455 1819 492 in
1867 454 2053 492 Tzetzae

427 533 591 581 scripta
620 533 969 581 transmigravit.

486 608 567 646 Illa
597 618 785 657 quoque,
819 618 927 655 quae
960 607 1194 644 traduntur
1225 606 1266 643 in
1300 605 1464 644 scholio
1497 606 1550 643 ad
1583 605 1794 653 Lycophr.
1830 605 1956 644 Alex,
1990 614 2053 642 vs.

429 684 554 732 1159,
590 683 873 722 inveniuntur
904 682 1016 730 apud
1047 681 1255 718 Tzetzam
1290 681 1408 718 hisce
1438 680 1582 718 verbis
1615 682 1843 728 concepta:

491 757 668 808 „6vve'ss71
714 765 784 811 μιᾷ
830 762 907 794 τῶν
956 756 1173 806 Λοκρίδων
1221 753 1456 807 στελλομένῃ
1510 754 1793 804 διαφθαρῆναι
1838 753 1904 792 ἐπί
1948 768 2053 799 τινος

427 832 556 881 λόφου
597 838 664 882 τῆς
701 832 842 882 Τροίας
874 829 1128 880 καλουμένου
1165 829 1388 880 Τράρωνος.
1422 825 1502 866 εἶτα
1535 829 1626 875 τοὺς
1659 829 1846 879 Λοκροὺς
1878 827 1950 878 τὴν
1982 825 2054 877 μὲν

428 908 579 957 θάψαι,
612 912 808 957 σιωπῆσαι
843 904 886 944 δὲ
916 904 982 943 καὶ
1015 903 1152 955 μηκέτι
1185 903 1356 954 πέμπειν
1385 903 1453 950 τὰς
1480 904 1648 953 παῖδας,
1672 904 1892 949 δοκοῦντας
1909 905 2056 952 πεπλη-

427 987 586 1034 ρῶσθαι
626 982 693 1022 τὸν
734 988 812 1021 τῶν
845 980 941 1020 ἐτῶν
972 981 1130 1032 χρόνον.
1164 978 1184 1019 ὃ
1219 978 1261 1018 δὲ
1292 978 1466 1031 χρησμὸς
1500 978 1574 1018 οὐκ
1607 975 1682 1029 εἶχε
1714 979 1858 1030 χρόνον
1892 975 2054 1029 ὡρισμέ-

428 1074 498 1098 νον
531 1057 627 1097 ἀλλὰ
660 1057 748 1096 ἀντὶ
778 1063 846 1108 τῆς
879 1055 1035 1102 ἀδικίας
1068 1061 1135 1105 τῆς
1168 1055 1409 1106 Κασάνδρας
1443 1054 1586 1104 ἐδήλου
1620 1053 1790 1092 στέλλειν
1822 1054 1896 1092 δύο
1923 1052 2053 1102 κόρας.

425 1133 621 1185 ἀκαρπίας
667 1131 708 1171 δὲ
749 1132 842 1182 μετὰ
883 1131 954 1181 τὴν
995 1137 1146 1169 παῦσιν
1179 1136 1247 1180 τῆς
1278 1130 1428 1177 θυσίας
1462 1131 1736 1181 κατασχούσης
1767 1128 1838 1178 τὴν
1870 1128 2055 1178 Λοκρίδα

427 1211 546 1247 πάλιν
583 1209 778 1258 ἔπεμπον,
809 1206 940 1246 οὐκέτι
978 1207 1052 1245 δύο
1086 1205 1184 1244 ἀλλὰ
1217 1205 1334 1255 μίαν,
1366 1204 1573 1256 ἀρκοῦσαν
1606 1200 1709 1243 εἶναι
1743 1205 1954 1249 δοκοῦντες
1984 1201 2056 1252 τὴν

428 1284 663 1335 τιμωρίαν”.

487 1360 651 1399 Collato
690 1359 854 1397 scholio
892 1359 945 1396 ad
990 1368 1050 1395 vs.
1099 1358 1210 1395 1159
1245 1357 1384 1395 denuo
1418 1358 1600 1404 apparet
1631 1356 1838 1394 Tzetzam
1871 1355 2054 1393 eandem

423 1446 517 1474 rem
559 1435 633 1473 sed
673 1435 813 1473 fusius
856 1433 1121 1481 descriptam
1154 1432 1377 1480 praebere,
1413 1432 1514 1469 stilo
1549 1433 1697 1469 autem
1731 1430 2057 1479 neglegentiore

425 1511 492 1556 (Cf.
526 1511 717 1558 primum
751 1510 972 1553 δοκοῦντας
1005 1518 1081 1556 pro
1115 1506 1365 1555 φάσκοντας;
1407 1506 1527 1544 πάλιν
1559 1505 1631 1555 τὴν
1665 1505 1847 1555 Λοκρίδα
1880 1516 1955 1554 pro
1987 1503 2058 1554 τὴν

427 1590 475 1623 Λ.
509 1600 548 1622 π.
580 1586 767 1623 Tzetzae
798 1584 1107 1633 imputandum
1142 1594 1228 1622 non
1262 1585 1360 1629 est).

485 1661 592 1709 Quid
634 1660 764 1708 igitur
803 1670 957 1698 omnes
987 1662 1140 1698 textus
1172 1661 1325 1698 nostra
1357 1660 1580 1698 sententia
1612 1670 1692 1698 nos
1722 1659 1908 1698 docent?
1942 1659 2059 1697 Sem·

425 1747 500 1784 per
542 1736 651 1774 duas
692 1736 884 1783 virgines
925 1745 1061 1782 usque
1105 1735 1156 1773 ad
1199 1735 1363 1773 bellum
1408 1735 1674 1773 Phocaicum
1710 1735 1930 1773 Minervae
1960 1734 2057 1772 Tro-

423 1812 550 1849 ianae
593 1812 637 1849 in
679 1810 843 1858 templo
885 1810 1037 1848 servili
1079 1810 1252 1848 functas
1294 1820 1390 1848 esse
1433 1810 1588 1858 efficio,
1624 1819 1864 1856 numquam
1898 1808 2059 1857 plures,

425 1887 535 1924 Tum
554 1887 752 1933 demum,
778 1886 815 1923 si
833 1885 971 1923 altera
998 1886 1115 1923 esset
1140 1886 1333 1933 mortua,
1363 1895 1385 1923 e
1411 1885 1592 1923 Locride
1621 1885 1807 1923 missam
1835 1894 1931 1922 esse
1950 1893 2058 1930 quae

425 1962 463 2000 ei
510 1961 783 2009 succederet,
830 1960 893 1998 ita
940 1962 988 1998 ut
1036 1970 1208 2007 semper
1255 1960 1366 1998 duae
1413 1960 1456 1998 in
1507 1960 1610 1998 aede
1659 1959 1810 1998 iliensi
1857 1958 2062 1997 adessent

423 2037 638 2075 Locrides.
674 2036 888 2073 Mortuam
922 2045 1043 2083 vero,
1078 2035 1173 2072 sive
1207 2035 1251 2072 in
1280 2034 1373 2082 ipso
1402 2034 1566 2082 templo
1595 2034 1872 2073 discessisset
1900 2043 1922 2071 e
1948 2033 2058 2082 vita,

422 2112 515 2150 sive
547 2111 723 2149 incauta
755 2111 883 2148 extra
915 2110 1068 2148 aedem
1103 2119 1280 2156 egressa
1313 2110 1471 2147 obruta
1504 2112 1622 2147 esset
1653 2108 1888 2157 lapidibus,
1922 2107 2061 2156 sepul-

422 2191 513 2224 tam
547 2196 632 2224 non
661 2195 771 2233 esse,
806 2185 883 2223 sed
912 2184 1188 2222 combustam
1219 2185 1347 2232 lignis
1381 2184 1652 2232 agrestibus;
1682 2184 1888 2230 quidquid
1914 2193 2059 2230 super-

423 2262 542 2299 esset
577 2261 688 2299 mari
720 2270 817 2298 esse
856 2260 1133 2297 mandatum.
1167 2259 1426 2297 Persecutos
1460 2268 1556 2297 esse
1590 2258 1800 2297 Troianos
1833 2258 2062 2306 virginem,

423 2345 531 2383 quae
564 2335 854 2374 Locrensibus
886 2334 1068 2372 ducibus
1100 2334 1143 2372 in
1172 2334 1324 2372 urbem
1351 2335 1542 2382 irrepere
1570 2335 1812 2372 conaretur.
1842 2333 2062 2379 Antiquis-

420 2411 546 2449 simis
588 2410 777 2448 fortasse
815 2409 1089 2457 temporibus
1132 2409 1365 2457 virginem,
1410 2410 1447 2447 si
1481 2410 1721 2457 caperetur,
1756 2419 1854 2447 esse
1886 2407 2059 2446 obtrun-

419 2487 564 2523 catam
607 2486 735 2532 atque
776 2484 928 2522 eodem
972 2485 1099 2522 modo
1142 2484 1433 2522 combustam.
1477 2484 1576 2522 Mox
1608 2486 1758 2522 autem
1791 2484 1885 2522 sive
1917 2482 2059 2529 negle-

422 2560 570 2608 gentia
610 2559 918 2597 insidiatorum
962 2559 1056 2597 sive
1097 2559 1257 2597 ducum
1298 2559 1542 2606 sagacitate
1576 2558 1779 2597 Locrides
1811 2567 1986 2605 semper
2018 2557 2060 2594 in

424 2635 640 2682 templum
688 2634 958 2682 pervenisse,
1010 2634 1145 2672 donec
1190 2634 1430 2672 infortunio
1473 2635 1663 2680 quodam
1709 2643 1795 2672 una
1837 2633 1879 2670 in
1913 2634 2064 2670 monte

418 2710 609 2748 Trarone
658 2711 846 2747 mortem
894 2709 1047 2747 obiret.
1097 2709 1264 2748 Dehinc
1307 2719 1438 2747 usum
1481 2719 1577 2747 esse
1621 2708 1945 2755 intermissum,
1985 2707 2061 2745 sed

421 2785 593 2824 oraculo
628 2786 832 2822 monente
864 2785 927 2822 ita
957 2786 1275 2832 instauratum,
1311 2786 1360 2822 ut
1393 2794 1479 2822 una
1511 2784 1638 2822 modo
1672 2793 1800 2822 serva
1827 2784 1870 2821 in
1897 2782 2061 2830 templo

422 2862 616 2907 adesset,
649 2861 717 2898 cui
750 2860 836 2898 alia
867 2860 953 2897 nisi
984 2863 1186 2899 mortuae
1220 2870 1305 2898 non
1338 2859 1606 2898 succederet.

479 2936 672 2974 Duarum
725 2936 957 2982 virginum,
1004 2946 1112 2983 quae
1156 2936 1322 2983 primae
1364 2935 1500 2972 fuisse
1551 2935 1713 2972 missae
1759 2932 2056 2976 tradebantur,

420 3011 558 3049 altera
597 3020 758 3049 nomen
806 3011 983 3057 gerebat
1025 3011 1170 3048 Aiacis
1215 3012 1390 3056 matris,
1447 3011 1492 3046 at
1535 3019 1620 3047 non
1664 3008 1810 3047 Aiacis
1858 3007 2056 3054 minoris,
