2141 3487
640 330 691 357 Dr:
727 330 1012 358 &UGAMMONJS
1045 330 1303 358 TBLEGONIA.
1701 324 1776 360 197

155 446 312 482 cannot
346 444 395 483 be
428 444 679 483 considered
713 455 761 482 as
793 443 1084 492 satisfactory,
1121 444 1197 482 but
1224 455 1249 481 a
1277 445 1416 483 better
1443 445 1722 493 explanation
1751 447 1788 483 is

159 520 233 557 not
265 520 339 566 yet
369 519 546 560 found.'’

213 595 430 633 Svoronos
479 605 580 634 vero
624 597 853 634 asseverat
895 596 1141 643 hominem,
1185 596 1258 643 qui
1301 596 1343 634 in
1378 606 1562 634 nummo
1596 596 1789 634 cernitur

155 680 251 708 esse
294 670 491 717 Ulixem;
537 673 708 710 vestem
753 671 979 710 insolitam
1022 672 1181 711 indicio
1227 682 1322 710 esse
1365 672 1541 710 heroem
1587 672 1715 710 modo
1747 672 1789 709 in

154 745 389 794 Trophonii
433 749 610 785 antrum
654 747 953 796 descendisse,
997 745 1300 797 κεκοσμημένον
1343 746 1432 800 ἱερῷ
1475 746 1638 797 σχήματι
1666 744 1717 794 1);
1751 748 1792 785 id

155 821 265 869 quod
309 822 492 860 sinistra
534 832 668 861 manu
711 825 862 862 teneat
903 833 987 862 non
1026 823 1163 862 telum
1198 833 1295 862 esse
1329 823 1406 861 sed
1437 833 1627 871 remum,
1665 833 1793 870 quem

155 907 315 946 magna
355 898 396 936 vi
430 898 472 935 in
506 900 625 937 terra
657 897 832 946 infigat;
868 899 1037 937 calceos
1070 899 1254 946 denique
1287 908 1495 938 recurvos
1528 908 1624 937 esse
1659 896 1796 948 ἐπιχω-

153 973 240 1023 ρίας
282 973 382 1012 illas
426 973 642 1023 κρηπῖδας,
689 984 874 1021 quarum
917 975 1158 1013 Pausanias
1207 975 1286 1023 IX,
1337 976 1413 1023 39,
1464 976 1488 1013 8
1522 975 1791 1013 mentionem

152 1049 297 1088 faciat.
351 1049 566 1088 Observat
608 1050 761 1088 deinde
809 1050 1160 1098 Epaminondam
1209 1053 1310 1089 ante
1357 1061 1549 1099 pugnam
1599 1051 1790 1089 Leuctri-

149 1135 247 1163 cam
288 1125 331 1162 in
375 1125 630 1164 concionem
676 1125 867 1164 militum
911 1126 1214 1164 introduxisse
1260 1126 1403 1164 virum
1437 1124 1516 1163 ἀπὸ
1552 1127 1790 1175 Τρωφονίου

152 1199 390 1249 προσφάτως
432 1198 729 1251 ἀναβεβηκότα,
774 1202 846 1249 qui
889 1202 1070 1250 diceret,
1116 1200 1173 1239 ὅτι
1209 1201 1324 1251 νίκην
1358 1201 1498 1239 δίδωσι
1533 1200 1552 1240 ὁ
1584 1200 1679 1248 θεὸς
1711 1205 1791 1249 τοῖς

152 1274 317 1327 ἄρχουσι
357 1281 424 1326 τῆς
467 1277 592 1328 μάχης
616 1274 659 1322 2).
698 1278 1021 1317 Mantineenses
1053 1278 1200 1327 igitur,
1237 1288 1336 1317 cum
1370 1279 1704 1317 Lacedaemonii
1737 1279 1790 1317 ad

154 1353 338 1392 Leuctra
380 1355 529 1392 essent
571 1354 788 1402 profligati
831 1356 875 1392 et
915 1355 1110 1402 ipsorum
1154 1354 1256 1392 urbs
1299 1354 1439 1393 denuo
1474 1354 1790 1404 aedificaretur,

158 1429 272 1467 haud
319 1429 445 1467 dubie
487 1439 650 1467 novum
694 1439 928 1467 nummum
972 1429 1165 1477 cudisse,
1209 1430 1252 1467 in
1295 1440 1378 1477 quo
1421 1432 1571 1478 gratos
1613 1441 1660 1469 se
1693 1430 1789 1469 Tro·

154 1505 312 1552 phonio
353 1503 666 1553 significarent.
706 1505 828 1543 Hanc
861 1504 912 1543 ob
946 1515 1040 1544 rem
1073 1506 1117 1543 in
1151 1515 1334 1543 nummo
1363 1506 1605 1554 imaginem
1644 1506 1790 1544 Ulixis

157 1582 291 1620 videri
324 1591 600 1630 expressam,
641 1582 713 1629 qui
741 1584 783 1620 et
811 1582 902 1630 ipse
933 1604 983 1609 —
1014 1583 1062 1620 ut
1099 1591 1124 1619 a
1156 1582 1395 1620 maioribus
1429 1582 1702 1630 accepissent
1735 1605 1788 1609 -

156 1658 400 1705 antiquitus
431 1657 582 1695 eodem
616 1657 694 1695 deo
727 1659 933 1695 monente
967 1658 1008 1695 in
1044 1657 1278 1696 Arcadiam
1313 1658 1520 1696 venisset,

219 1733 367 1781 Specie
409 1733 538 1771 huius
580 1733 893 1781 disputationis
931 1733 1137 1781 abreptus
1181 1733 1450 1771 Studniczka
1485 1733 1512 1771 1.
1547 1733 1573 1771 1.
1607 1743 1788 1781 pronun-

156 1809 259 1847 tiat:
298 1808 541 1856 „Svoronos
577 1818 656 1846 nos
688 1809 823 1846 docuit
852 1808 999 1846 Ulixis
1027 1809 1109 1847 iter
1138 1809 1182 1846 in
1211 1809 1565 1857 Peloponnesum
1599 1810 1658 1853 (et
1688 1818 1784 1846 cum

158 1894 208 1922 eo
255 1883 483 1922 historiam
532 1883 715 1932 Augiae,
765 1885 954 1932 priorem
1002 1884 1136 1931 igitur
1179 1883 1441 1932 Telegoniae
1483 1886 1669 1932 partem)
1713 1894 1789 1932 per

158 1960 504 2008 Peloponnesum
542 1960 816 2008 divulgatum
861 1970 910 1998 ac
953 1960 1185 2008 praecipue
1229 1960 1604 1999 Mantineensibus
1636 1962 1788 1998 notum

157 2035 338 2074 fuisse.”
379 2035 443 2072 Ex
481 2035 699 2074 Herodoto
747 2039 898 2073 autem
940 2035 1026 2084 (IV,
1065 2037 1160 2079 161)
1203 2045 1303 2074 cum
1338 2038 1546 2083 appareat
1578 2045 1787 2074 commer-

154 2113 269 2150 cium
312 2111 448 2149 fuisse
490 2112 604 2150 inter
648 2111 892 2159 Cyrenaeos
935 2114 977 2149 et
1022 2112 1363 2160 MantineenseS‚
1411 2112 1640 2149 inventam
1690 2121 1787 2149 esse

158 2188 294 2234 viam,
324 2197 408 2234 qua
434 2187 580 2225 fabula
607 2187 658 2225 de
686 2196 786 2235 rege
811 2188 953 2235 Augia
977 2188 1021 2225 in
1049 2188 1201 2225 urbem
1229 2186 1425 2240 Cyrenen
1459 2190 1587 2233 atque
1618 2186 1718 2225 inde
1744 2187 1787 2224 in

158 2264 406 2310 Aegyptum
440 2262 656 2301 translata
687 2263 840 2311 fuerit,
874 2274 914 2301 V.
949 2264 988 2301 d.
1022 2263 1170 2301 credit.

220 2341 302 2379 Sed
355 2340 495 2377 multa
547 2340 743 2387 obstant,
797 2340 1033 2387 quominus
1092 2340 1192 2378 huic
1239 2339 1612 2387 argumentationi
1658 2337 1787 2377 fidem

158 2416 356 2455 habeam.
415 2415 525 2453 Nam
582 2415 692 2462 quod
748 2414 902 2453 Ulixes
950 2414 1200 2462 perhibetur
1257 2414 1309 2452 ad
1366 2414 1661 2462 Trophonium
1710 2415 1791 2453 iter

158 2492 333 2540 fecisse,
366 2491 409 2529 in
436 2491 668 2529 Arcadiam
699 2490 896 2537 rediisse,
929 2492 1232 2529 commoratus
1259 2500 1355 2529 esse
1380 2490 1492 2538 apud
1521 2490 1790 2537 Agamedem

159 2567 407 2616 Stymphali
452 2576 599 2614 regem
646 2568 690 2603 et
731 2566 840 2613 apud
893 2566 1080 2613 Augiam
1129 2566 1282 2604 Eleum
1333 2588 1383 2592 —
1436 2565 1598 2603 dudum
1643 2566 1793 2612 opinor

162 2644 253 2682 vita
293 2643 513 2690 functum,
554 2642 710 2690 quippe
752 2642 876 2680 cuius
917 2651 1047 2688 gener
1089 2642 1244 2680 Molius
1277 2652 1302 2680 a
1334 2641 1516 2679 Nestore
1548 2641 1794 2678 adolescente

157 2718 414 2757 interfectus
463 2719 578 2757 esset
628 2739 678 2744 -
728 2727 778 2755 ea
825 2718 973 2755 omnia
1019 2720 1317 2765 provenerunt
1363 2728 1417 2755 ex
1466 2716 1624 2754 infelici
1666 2716 1793 2754 inter-

207 2979 234 3022 ι)
258 2980 307 3011 Cf.
332 2982 427 3012 Suid.
454 2991 480 3011 S.
506 2990 536 3010 v.
565 2983 749 3020 Τροφώνιος,

205 3039 232 3081 ²)
256 3043 355 3072 Diod.
380 3041 447 3074 sic.
473 3042 543 3078 XV,
569 3042 627 3076 53;
656 3041 814 3078 Polyaen.
839 3041 941 3070 Strat.
968 3038 1021 3076 ΙΙ,
1046 3039 1083 3075 3,
1109 3039 1138 3066 8.
