2200 3487
417 328 498 365 214
893 340 946 368 DE
977 341 1263 369 EUGAMMONIS
1295 342 1553 370 TELEGONIA.

655 454 716 503 „sc
744 452 816 504 μὲν
849 453 898 504 ὁὴ
929 455 1053 505 γῆράς
1085 470 1126 507 γε
1158 454 1248 494 θεοὶ
1280 454 1480 494 τελέουσιν
1512 454 1665 506 ἄρειον,

650 529 837 579 festarum}
870 544 928 567 τοι
958 529 1090 568 ἔπειτα
1122 537 1254 569 κακῶν
1286 530 1481 577 ὑπάλυξιν
1513 530 1702 569 ἕσεσθαι”
1730 529 1770 577 1).

474 604 696 643 Hactenus
737 605 787 643 de
829 605 1034 645 Homero.
1077 607 1201 655 Apud
1237 607 1585 654 Eugammonem
1617 609 1766 646 autem
1798 607 1976 646 Ulixem
2009 609 2035 646 a

416 680 632 727 Telegono
659 679 745 718 filio
772 690 868 719 esse
892 681 1191 730 interfectum,
1222 682 1400 720 Proclus
1426 682 1615 720 tradidit.
1643 682 1759 720 Nihil
1786 683 1961 730 quidem
1988 683 2032 721 in

413 755 552 793 Procli
581 755 926 795 chrestomathia
952 757 1068 795 inest
1094 758 1145 795 de
1173 758 1292 796 radio
1316 757 1434 796 raiae
1456 758 1729 806 pastinacae,
1757 758 1832 796 sed
1850 758 2033 806 posteri,

414 830 587 878 Hygino
631 832 812 879 excepto
853 831 951 876 (fab.
998 833 1112 881 127),
1158 833 1363 871 iuvenem
1406 833 1484 871 tali
1526 833 1614 872 telo
1650 843 1780 871 usum
1812 833 1949 872 fuisse
1981 833 2033 872 ad

414 914 550 943 unum
597 916 748 945 omnes
795 910 1074 955 asseverant;
1122 919 1158 947 e.
1205 919 1244 956 g.
1293 908 1427 947 schol.
1476 909 1528 947 ad
1560 911 1580 946 λ
1617 909 1721 947 134:
1759 907 1854 957 „vbv
1885 906 2034 958 πατέρα

415 980 708 1031 «διαχρήσασθαι
739 981 930 1034 τρυγόνος
961 981 1149 1038 κέντρῳ”.
1177 984 1241 1022 Ex
1267 984 1473 1032 Aeschyli
1501 994 1671 1032 quoque
1688 984 1867 1033 parodia
1885 979 1933 1033 ²),
1962 985 2036 1031 qui

413 1056 582 1095 radium
615 1067 701 1096 non
733 1058 886 1097 hastae
919 1058 1098 1097 affixum
1131 1069 1227 1098 esse
1259 1058 1401 1108 fingit,
1431 1060 1506 1098 sed
1533 1071 1608 1108 per
1635 1060 1789 1098 ardeae
1816 1059 1964 1098 alvum
1991 1060 2035 1098 in

414 1131 558 1170 Ulixis
585 1133 714 1181 caput
737 1133 957 1183 immittit,
988 1134 1122 1173 efficio
1151 1135 1232 1173 hoc
1259 1135 1397 1174 telum
1423 1145 1510 1173 non
1532 1135 1667 1174 fuisse
1684 1135 2035 1175 additamentum

413 1208 724 1257 recentiorum,
758 1211 863 1257 puta
896 1209 1137 1259 Sophoclis,
1173 1221 1326 1249 verum
1358 1211 1593 1259 genuinam
1627 1212 1797 1260 partem
1833 1211 2037 1259 antiquae

413 1283 684 1332 Telegoniae.

472 1358 549 1397 Est
580 1359 755 1407 quidem
782 1360 925 1409 opinio
952 1361 1187 1399 admodum
1216 1362 1394 1409 vulgata
1421 1372 1442 1400 e
1471 1362 1614 1400 verbis
1642 1360 1679 1408 ἐξ
1697 1359 1789 1408 ἁλός
1807 1372 2033 1411 perperam

414 1434 642 1482 explicatis
684 1438 825 1473 ortam
868 1445 965 1474 esse
999 1436 1122 1474 illam
1153 1436 1348 1475 fabulam
1381 1437 1431 1475 de
1462 1437 1593 1476 Ulixe
1626 1447 1651 1475 a
1682 1436 1771 1476 filio
1804 1437 2036 1476 crudeliter

412 1512 585 1559 necato,
625 1511 700 1549 sed
742 1511 1037 1550 Wilamowitz
1079 1514 1210 1560 negat
1240 1512 1435 1550 fabulam
1466 1514 1560 1551 tam
1591 1513 1805 1561 tragicam
1837 1523 1862 1551 a
1893 1523 2035 1552 recen—

411 1586 520 1625 tiore
566 1589 742 1626 auctore
790 1588 1028 1636 excogitari
1075 1589 1282 1637 potuisse.
1326 1589 1435 1628 Sunt
1478 1589 1571 1628 eius
1613 1589 1744 1628 verba
1775 1590 1898 1628 haec:
1935 1589 2035 1638 „der

413 1662 528 1700 Sohn
561 1662 621 1700 im
654 1663 840 1712 Kampfe
871 1664 954 1702 mit
991 1664 1088 1702 dem
1121 1664 1268 1714 Vater,
1303 1665 1576 1714 ahnungslos
1608 1665 1701 1704 sein
1734 1665 1923 1704 Morder:
1958 1664 2036 1703 das

412 1739 471 1777 ist
512 1739 586 1778 der
627 1740 736 1787 Sage
778 1749 861 1778 von
895 1739 1160 1779 Hildebrand
1192 1741 1279 1779 und
1310 1741 1574 1780 Hadubrand
1608 1751 1692 1780 von
1723 1741 1924 1780 Welcker
1956 1740 2038 1779 mit

414 1814 552 1853 Recht
598 1825 675 1853 zur
721 1815 836 1854 Seite
879 1816 1072 1865 gestellt,
1115 1816 1257 1855 obwol
1301 1817 1368 1855 die
1399 1817 1710 1856 Aehnlichkeit
1738 1817 1865 1856 keine
1897 1817 2036 1856 inner-

412 1890 524 1929 liche
556 1891 627 1930 ist.
665 1891 742 1930 Die
776 1891 891 1930 Gabe
933 1892 1007 1930 der
1051 1892 1222 1941 Mutter,
1269 1893 1343 1931 der
1375 1892 1660 1931 zauberische
1688 1892 2037 1931 Rochenstachel

414 1966 684 2005 verderblich
726 1967 824 2005 dem
867 1967 1011 2016 Vater,
1056 1967 1138 2006 den
1180 1967 1255 2006 der
1288 1967 1403 2006 Sohn
1446 1967 1522 2006 auf
1550 1968 1626 2007 der
1659 1968 1819 2006 Mutter
1853 1968 2037 2007 Geheiss

414 2051 466 2079 zu
499 2042 662 2081 suchen
694 2052 873 2090 auszog:
907 2043 1010 2081 dass
1042 2043 1101 2081 ist
1132 2043 1201 2081 ein
1233 2043 1369 2082 Motiv
1402 2053 1487 2082 von
1514 2054 1562 2082 so
1590 2043 1844 2091 gewaltiger
1871 2043 2036 2082 drama-

413 2117 575 2156 tischer
621 2118 764 2167 Krast,
813 2118 916 2156 dass
962 2118 1031 2156 ein
1079 2118 1278 2166 Spatling
1324 2118 1398 2157 des
1445 2119 1558 2168 Epos
1605 2129 1652 2157 es
1697 2118 1818 2157 nicht
1858 2119 2036 2157 erdacht

414 2192 552 2231 haben
599 2193 730 2232 kann.
777 2193 892 2232 Eben
933 2203 981 2232 so
1023 2194 1165 2241 wenig
1201 2193 1316 2233 kann
1349 2204 1396 2233 es
1428 2204 1506 2233 aus
1539 2194 1657 2234 einer
1687 2193 1930 2242 Erklarung
1962 2194 2036 2233 des

414 2267 451 2315 ἐξ
484 2267 574 2315 ἁλός
606 2269 990 2317 herausgeklugelt
1019 2269 1159 2308 sein.”

472 2346 641 2384 Revera
672 2348 979 2393 argumentum
1013 2346 1120 2384 illud
1146 2346 1284 2394 patris
1311 2356 1336 2384 a
1362 2345 1448 2385 filio
1475 2346 1612 2385 inscio
1644 2346 1865 2395 trucidati,
1898 2355 2037 2392 neque

415 2421 466 2459 ab
509 2421 698 2468 antiquis
741 2421 932 2460 alienum
977 2423 1070 2460 erat
1109 2444 1160 2448 —
1195 2423 1243 2460 ut
1276 2421 1343 2460 vel
1376 2422 1500 2460 docet
1533 2422 1769 2470 Oedipodia
1797 2444 1871 2471 ——,
1898 2431 2036 2469 neque

414 2506 438 2534 a
484 2496 652 2543 mythis
699 2498 962 2544 germanicis
986 2494 1029 2540 3).
1072 2498 1247 2536 Necnon
1289 2497 1476 2537 arbitror
1506 2498 1688 2536 nimiam
1721 2497 1850 2536 fidem
1884 2498 2035 2536 etiam-

459 2681 482 2721 l)
507 2682 644 2721 Optime
676 2683 783 2721 igItur
815 2685 938 2714 schol.:
974 2687 1049 2720 „obn
1081 2681 1161 2714 οἷὸεν
1187 2687 1201 2715 ὁ
1233 2685 1359 2723 ποιητὴς
1386 2686 1421 2714 τὰ
1446 2686 1524 2715 κατὰ
1548 2685 1599 2715 τὸν
1628 2686 1797 2723 Τηλέγονον
1820 2686 1870 2714 καὶ
1895 2685 1931 2714 τὰ
1955 2685 2035 2714 κατὰ

415 2745 447 2774 τὸ
472 2745 598 2785 κέντρον
623 2750 673 2782 τῆς
698 2747 854 2785 τρυγόνος.

457 2803 483 2844 ²)
511 2808 700 2843 Ψυχάγωγοε
725 2806 766 2835 fr.
789 2806 852 2836 275
877 2807 1060 2836 Wecklein.

458 2865 486 2904 3)
511 2868 537 2897 A
561 2866 736 2897 Welckero
761 2870 795 2897 et
819 2867 1074 2897 Wilamowitzio
1099 2871 1321 2906 comparatur
1345 2877 1483 2898 carmen
1506 2867 1750 2906 Hildebrandi3
1773 2867 1901 2896 scimus
1922 2869 2037 2897 autem

415 2928 461 2957 ibi
486 2936 551 2956 non
576 2933 708 2966 patrem
734 2937 752 2957 a
776 2929 846 2958 filio
870 2929 929 2958 sed
955 2938 972 2958 a
997 2933 1095 2966 patre
1119 2930 1228 2959 filium
1253 2939 1328 2959 esse
1349 2930 1512 2959 occisum.

457 2989 582 3026 Utique
608 2990 838 3028 comparanda
863 2993 916 3019 est
939 2989 1053 3020 Catrei
1078 3000 1168 3021 mors
1193 2987 1396 3031 ([Apollod.]
1422 2990 1504 3019 bibl.
1530 2989 1592 3022 ΙΙΙ,
1622 2990 1651 3023 2,
1680 2988 1750 3027 16);
1780 2989 1940 3028 „Karpeia
1960 2991 2038 3029 γήρᾳ

415 3052 624 3088 κατεχόμενος
656 3051 765 3081 ἐπόθει
791 3051 843 3088 τὴν
866 3055 1025 3091 βασιλείαν
1049 3054 1244 3089 Ἀλθαιμένει
1270 3058 1310 3090 τῷ
1335 3051 1421 3080 παιδὶ
1446 3051 1656 3091 παραδοῦιαι,
1678 3051 1727 3079 καὶ
1753 3050 1804 3079 διὰ
1830 3054 1918 3079 τοῦτο
1945 3046 2037 3086 ἦλθεν
