2200 3487
479 336 559 374 160
1137 349 1190 375 DE
1223 348 1419 377 CARNms.

471 460 641 499 intenta
673 463 829 500 mens?
863 463 1098 500 Servemus
1130 463 1262 509 igitur
1295 463 1528 502 lectionem
1561 464 1788 510 traditam,
1828 464 1939 501 unde
1971 464 2093 501 disci-

476 546 573 573 mus
607 537 840 584 Spartanos
871 540 972 575 ante
1002 537 1309 586 plenilunium,
1343 539 1369 576 i.
1399 549 1435 577 e.
1468 541 1568 576 ante
1600 539 1793 576 medium
1822 548 2018 576 mensem
2040 560 2090 565 —-

474 621 576 649 nam
625 614 792 650 mensis
839 615 969 659 atque
1016 612 1119 650 luna
1166 615 1406 651 nascuntur
1451 614 1584 651 simul
1633 615 1674 651 et
1723 614 1943 651 intereunt
1976 609 2000 657 Ι)
2040 635 2090 640 -

471 687 714 725 exercitum
760 688 941 725 educere
983 687 1188 726 noluisse.
1232 687 1365 726 Cuius
1399 695 1545 726 autem
1582 689 1780 726 mensis?
1813 710 1869 713 —
1905 689 2094 736 „Nempe

472 766 540 798 τοῦ
577 762 775 808 Καρνείου
809 762 977 811 μηνός”,
1021 763 1310 810 exclamabis,
1353 764 1451 811 „qui
1484 773 1582 801 cum
1617 763 1928 810 Metagitnione
1961 764 2094 801 attico

470 838 723 884 congruit!”
760 860 811 865 —-
845 839 902 877 At
933 840 1038 876 sunt
1070 839 1141 885 qui
1175 838 1299 876 aliter
1332 838 1543 886 sentiant,
1583 839 1698 876 inter
1731 848 1838 885 quos
1870 838 2095 876 Busoltius

470 913 756 951 ratiocinatur
802 914 864 951 sic
895 909 942 957 ²):
994 914 1267 961 „Herodotus
1309 914 1401 952 loco
1444 915 1592 951 nostro
1635 914 1685 951 de
1718 914 1885 951 mensis
1917 914 2095 951 nomine

470 998 648 1036 prorsus
680 989 796 1037 silet,
834 999 932 1027 cum
967 989 1067 1026 alibi
1095 989 1202 1036 (VH,
1233 990 1331 1033 206)
1360 990 1508 1037 aperte
1535 989 1652 1027 dicat
1682 987 1804 1037 ημετὰ
1831 987 1892 1037 δέ,
1923 988 2095 1036 Κάρνεια

471 1063 544 1113 γάρ
594 1074 665 1110 σφι
711 1058 762 1113 ἦν
812 1062 1011 1112 ἐμποδών,
1057 1063 1217 1112 ἔμελλον
1265 1062 1696 1112 ὁρτάσαντες...κατὰ
1744 1063 1858 1112 τάχος
1905 1061 2095 1112 βοηθέειν

469 1138 712 1188 πανδημεί.”
732 1139 893 1178 Deinde
912 1139 1151 1178 Pausanias
1170 1150 1351 1188 quoque,
1371 1139 1443 1177 ubi
1462 1140 1513 1177 de
1536 1139 1807 1178 Marathonia
1825 1139 1915 1186 agit
1931 1149 2093 1187 pugna,

469 1213 622 1253 Oarnei
670 1215 836 1253 mensis
879 1216 1055 1254 nomine
1090 1216 1255 1253 omisso
1288 1215 1419 1253 habet
1451 1215 1557 1253 haec
1589 1215 1740 1253 modo:
1779 1209 1906 1262 „sivan
1937 1211 2011 1264 γὰρ
2045 1212 2093 1262 δὴ

470 1290 593 1339 νόμον
641 1289 775 1335 αὐτοῖς
823 1289 875 1339 μὴ
919 1290 1111 1339 πρότερον
1154 1289 1430 1340 μαχουμένους
1474 1288 1616 1336 ἐξιέναι
1660 1287 1754 1336 πρὶν
1797 1286 1984 1337 ἢπλήρη
2026 1288 2094 1326 τὸν

469 1366 616 1403 κύκλον
663 1371 730 1414 τῆς
777 1365 943 1415 σελήνης
975 1364 1205 1416 γενέσθαι.”
1249 1366 1441 1413 Denique
1474 1365 1614 1403 Schol.
1648 1366 1718 1403 Ar.
1756 1365 1861 1402 ACh.
1896 1366 1950 1403 84
1983 1366 2096 1403 nude

468 1441 655 1488 loquitur
687 1442 738 1479 de
771 1441 1004 1495 πανσελήνῳ
1038 1451 1168 1489 quam
1203 1441 1433 1490 περιέμενον
1461 1441 1806 1478 Lacedaemonii.
1838 1440 1998 1479 Contra
2025 1443 2097 1488 qui

468 1517 635 1555 mensis
683 1527 845 1555 nomen
892 1517 1050 1555 adiecit
1091 1517 1352 1555 Plutarchus
1395 1517 1579 1554 minime
1623 1517 1977 1564 Metagitnionem
2019 1519 2093 1556 sed

468 1593 829 1631 Boedromionem
857 1593 1055 1630 nominat
1083 1588 1134 1637 3):
1169 1592 1242 1640 „01³2
1269 1591 1342 1643 γὰρ
1372 1591 1497 1640 μόνον
1524 1590 1642 1638 ἄλλας
1671 1591 1813 1641 μυρίας
1841 1590 2002 1639 ἐξόδους
2029 1592 2094 1630 καὶ

469 1668 593 1718 μάχας
639 1668 876 1717 πεποίηνται
909 1668 1034 1717 μηνὸς
1067 1666 1279 1715 ἱσταμένου
1313 1669 1365 1717 μὴ
1399 1667 1696 1717 περιμείναντες
1728 1666 1800 1716 τὴν
1825 1666 2097 1717 πανσέληνον,

469 1742 567 1781 ἀλλὰ
604 1742 670 1781 καὶ
704 1745 846 1792 ταύτης
878 1749 945 1793 τῆς
983 1743 1108 1793 μάχης
1142 1741 1251 1793 ἕκτης
1287 1743 1599 1792 Βοηδρομιῶνος
1630 1741 1846 1791 ἱσταμένου
1878 1741 2095 1794 γενομένης

468 1817 601 1870 ὀλίγον
650 1818 973 1868 ἀπελείφθησαν,
1015 1819 1111 1857 ὥστε
1152 1818 1215 1856 καὶ
1260 1819 1492 1856 θεάσασθαι
1529 1818 1621 1864 τοὺς
1654 1818 1820 1867 νεκροὺς
1854 1817 2096 1865 ἐπελθόντας

469 1894 532 1934 ἐπὶ
564 1895 631 1933 τὸν
665 1895 827 1933 τόπον.”
865 1919 916 1923 -
955 1896 1037 1944 „Es
1069 1896 1127 1934 ist
1156 1896 1369 1934 demnach
1398 1906 1526 1942 sogar
1554 1895 1878 1943 anzunehmen‚
1908 1896 2010 1933 dass
2028 1896 2096 1934 die

468 1971 696 2010 Botschaft
727 1971 801 2009 der
833 1971 1027 2009 Athener
1059 1971 1181 2009 nicht
1212 1971 1253 2008 in
1287 1971 1353 2009 die
1386 1971 1480 2008 Zeit
1512 1971 1584 2009 der
1613 1971 1830 2008 Karneien
1861 1969 1975 2009 fiel.’'

526 2046 687 2085 Vereor
733 2047 883 2084 tamen
930 2048 978 2084 ut
1026 2056 1204 2084 causam
1254 2057 1377 2084 suam
1428 2046 1631 2084 omnibus
1686 2046 1878 2093 probarit
1926 2046 2094 2085 Busolt.

468 2123 578 2160 Nam
621 2122 830 2170 primum,
867 2123 978 2168 quod
1013 2122 1065 2159 ad
1098 2122 1322 2160 Plutarchi
1356 2123 1514 2161 attinet
1545 2122 1869 2168 testimonium,
1905 2132 2096 2161 commu-

467 2199 580 2237 tavit
621 2198 882 2236 Plutarchus
925 2198 1058 2245 diem,
1105 2208 1185 2245 quo
1225 2208 1371 2245 pugna
1418 2198 1690 2236 Marathonia
1730 2200 1797 2236 est
1840 2197 2095 2245 commissa,

468 2284 565 2312 curn
608 2273 683 2310 illo
727 2273 793 2310 die
835 2283 919 2320 quo
963 2275 1115 2320 postea
1158 2274 1208 2311 ad
1254 2283 1444 2321 pugnam
1488 2273 1793 2311 celebrandam
1835 2282 2001 2311 necnon
2043 2273 2095 2310 ad

469 2351 620 2387 votum
680 2348 840 2386 Dianae
899 2349 1238 2397 exsolvendum,
1298 2349 1469 2387 hostiae
1528 2349 1570 2386 in
1627 2354 1694 2398 τῆς
1749 2347 1975 2398 Ἀγροτέρας
2022 2357 2097 2386 ara

469 2423 788 2462 mactabantur.
847 2424 1091 2462 Audiamus
1138 2424 1302 2472 ipsum,
1352 2426 1449 2472 post
1497 2423 1630 2462 verba
1678 2433 1810 2472 supra
1856 2423 1992 2461 allata
2034 2423 2097 2461 ita

469 2510 649 2538 causam
682 2509 809 2537 Suam
838 2499 1167 2537 defendentem:
1201 2498 1276 2547 „0¹13
1304 2497 1375 2548 τὴν
1405 2498 1503 2546 πρὸς
1524 2497 1668 2550 ’Ἄγρας
1697 2497 1859 2547 πομπὴν
1888 2497 2097 2548 ἱστόρηκας

469 2580 521 2623 (Ο,
566 2575 799 2619 Herodote)
834 2572 882 2623 ἣν
915 2574 1142 2624 πέμπουσιν
1176 2573 1229 2611 ἔτι
1262 2580 1338 2611 νῦν
1369 2580 1414 2627 τῇ
1443 2571 1589 2628 Ἑκάτῃ
1622 2574 1854 2624 χαριστήρια
1887 2578 1953 2622 τῆς
1986 2573 2098 2622 νίκης

469 2649 731 2700 ἑορτάζοντες.
775 2651 851 2697 At,
894 2651 1137 2698 rogaveris,
1173 2650 1319 2688 verine
1353 2651 1481 2698 putas
1515 2660 1611 2688 esse
1638 2649 1782 2687 simile
1808 2648 2100 2686 Athenienses

468 2726 753 2765 hecatombas
783 2726 946 2764 Dianae
979 2726 1221 2773 promissas
1253 2735 1338 2764 non
1370 2725 1446 2763 illo
1478 2725 1580 2763 anni
1612 2725 1679 2763 die
1712 2734 1794 2771 quo
1827 2722 1975 2761 habita
2007 2725 2100 2762 erat

514 2861 539 2900 1)
565 2863 638 2894 Vid.
677 2872 704 2892 e.
730 2872 762 2900 g.
787 2863 893 2892 Thuc.
918 2863 963 2898 II,
988 2864 1006 2892 4
1042 2862 1103 2892 ubi
1139 2866 1249 2897 σκότος
1281 2865 1471 2892 nocturnus
1503 2861 1697 2898 explicatur
1725 2861 1789 2889 hoc
1814 2860 1935 2889 modo:
1962 2861 2012 2889 καὶ
2037 2861 2096 2900 γὰρ

467 2928 665 2957 τελευτῶντος
685 2929 739 2953 τοῦ
763 2924 857 2961 μηνὸς
882 2924 918 2952 τὰ
944 2925 1110 2960 γιγνόμενα
1136 2920 1178 2960 ἦν.

514 2981 539 3024 2)
565 2984 604 3014 G.
631 2984 670 3014 G.
696 2984 742 3020 11,
769 2984 845 3022 580,
870 2984 899 3013 3.

512 3042 538 3081 ³)
564 3045 613 3073 De
638 3044 762 3073 Herod.
790 3044 868 3073 mal.
896 3045 947 3073 26.
