2141 3487
839 308 893 335 DE
925 307 1072 335 ArAcn.
1713 298 1769 337 79

137 428 209 465 tus
250 425 430 465 amabat
468 423 730 472 nympham,
765 432 875 468 quae
912 422 955 460 in
988 422 1147 460 fluctus
1180 430 1281 460 cum
1314 420 1564 459 desiluisset
1599 442 1650 448 —
1686 432 1768 467 quo

136 502 250 540 facto
283 500 570 548 semetipsam
604 498 816 536 amatoris
849 498 891 535 in
924 498 1192 545 potestatem
1221 496 1473 534 tradidit—
1493 496 1677 545 stirpem
1705 497 1772 534 dei

138 578 394 626 procreavit.
428 576 558 624 Rapis
590 584 720 623 prope
756 583 781 612 a
812 573 940 611 litore
973 573 1163 621 positus,
1193 582 1276 620 quo
1305 572 1401 611 loco
1430 572 1552 620 virgo
1580 572 1624 610 in
1652 582 1774 610 mare

135 664 182 692 se
215 652 388 700 deiecit,
424 651 486 690 rei
518 650 779 690 memoriam
814 650 978 688 servat.

198 728 300 777 Quis
344 737 430 766 non
474 727 638 775 cogitat
679 726 731 764 de
771 725 994 764 amoribus
1037 725 1236 774 Sapphus
1281 727 1324 763 et
1365 725 1556 763 Phaonis
1593 724 1636 763 in
1669 735 1773 773 rupe

137 804 351 843 Leucadia
397 803 537 848 (Ovid.
586 802 689 841 Her.
738 802 864 847 XV)?
908 801 990 840 Sed
1032 800 1221 840 observa
1262 800 1377 839 idem
1412 800 1657 848 episodium
1690 810 1774 838 non

137 879 264 919 modo
295 879 464 918 narrari
495 879 546 917 de
577 878 753 916 Euathli
785 879 828 916 et
860 876 1041 925 Calyces
1069 886 1236 925 amore,
1271 876 1347 915 sed
1375 876 1508 915 etiam
1538 876 1588 914 de
1615 875 1775 915 Deuca·

136 955 267 995 lionis
309 957 351 994 et
387 955 581 1004 Pyrrhae
623 954 796 1000 (Athen.
830 953 933 991 XIV
966 953 1051 993 619
1069 952 1117 1002 D,
1154 952 1276 991 Ovid.
1310 952 1414 991 Her.
1448 948 1528 989 XV
1565 952 1645 991 167
1681 955 1774 999 sq.).

137 1030 413 1071 Deucalionis
455 1032 604 1069 autem
648 1039 808 1069 nomen
852 1029 905 1067 ad
947 1029 1207 1077 Locrenses,
1244 1027 1312 1066 vel
1340 1027 1393 1066 ad
1426 1027 1606 1076 Leleges
1638 1028 1776 1067 Locri·

136 1107 235 1146 dem
282 1106 535 1146 habitantes
577 1116 658 1145 nos
697 1104 879 1144 reducit.
922 1104 1163 1143 Versamur
1203 1103 1247 1142 in
1291 1103 1540 1142 narratione
1573 1103 1779 1142 Locrensi

136 1182 188 1222 de
219 1182 399 1221 numine
430 1191 510 1221 suo
542 1181 727 1221 marino.
760 1180 992 1228 Negasne?
1023 1179 1149 1228 Apud
1180 1179 1340 1218 Athen.
1368 1179 1410 1217 11
1437 1179 1492 1218 43
1511 1179 1544 1218 B
1574 1179 1778 1219 audimus

136 1258 417 1297 Trambelum
459 1257 512 1296 ab
563 1256 733 1297 Achille
780 1256 974 1295 occisum
1024 1266 1144 1303 esse;
1194 1266 1216 1294 e
1263 1255 1383 1294 fonte
1427 1256 1576 1294 autem
1610 1255 1777 1295 Milesio

137 1333 356 1373 Achillem
389 1333 520 1372 caede
551 1333 730 1382 peracta
762 1333 811 1370 ut
843 1331 1104 1380 sanguinem
1139 1331 1336 1370 ablueret
1368 1331 1572 1370 hausisse
1606 1342 1778 1379 aquam.

140 1408 230 1458 Quo
272 1418 375 1447 vero
418 1408 546 1448 modo
584 1408 644 1447 ibi
676 1408 927 1458 appellatur
959 1407 1252 1447 Trambelus‘?
1285 1405 1305 1444 ὁ
1339 1412 1416 1445 τῶν
1450 1405 1636 1459 Λελέγων
1668 1408 1781 1458 βασι-

137 1485 248 1532 λεύςῑ
281 1484 519 1524 Coniunxit
545 1484 649 1524 Fick
677 1484 860 1523 nomina
886 1483 1105 1523 Trambeli
1134 1485 1177 1522 et
1205 1483 1416 1532 Trampes
1435 1483 1504 1522 vel
1521 1484 1778 1533 Trampyae.

143 1560 312 1612 Τράμπη
357 1563 426 1600 est
466 1560 581 1606 πόλις
608 1556 775 1605 Ἰωνίας.
811 1559 888 1598 Est
919 1558 1100 1610 τράμπις·
1137 1563 1235 1604 ναῦς
1267 1556 1427 1608 ἄκατος,
1457 1559 1647 1610 πορθμίς,
1679 1557 1781 1606 τινὲς

137 1640 257 1676 πλοῖα
300 1636 528 1689 βαρβαρικά
561 1631 805 1689 (Hesych.).
840 1635 1101 1674 Trambelus
1133 1635 1266 1683 igitur
1299 1633 1521 1683 significat
1555 1636 1787 1686 πορθμεύςε

139 1714 251 1753 alter
283 1713 456 1752 Phaon!

197 1789 350 1829 Nonne
397 1789 479 1828 hoc
527 1788 791 1836 argumento
835 1796 857 1825 e
899 1785 1067 1834 mythis
1109 1786 1247 1834 petito
1289 1786 1542 1825 Telamonis
1575 1787 1786 1827 divinitas

139 1864 390 1904 stabilitur?
433 1863 554 1902 Novo
587 1863 715 1902 credo
749 1862 954 1911 exemplo
988 1861 1353 1901 confirmavimus
1384 1862 1525 1911 legem
1560 1862 1786 1903 Useneria-

139 1950 243 1979 nam
276 1939 489 1986 (Gottern.
523 1949 563 1987 p.
598 1939 722 1984 255):
761 1937 867 1986 „wir
900 1937 1054 1976 durfen
1087 1937 1172 1976 mit
1195 1936 1544 1987 Ueberzeugung
1571 1939 1652 1978 den
1681 1939 1783 1978 Satz

139 2016 390 2066 aufstellen‚
425 2016 529 2055 dass
561 2015 644 2054 alle
677 2016 850 2054 Heroen
884 2014 1014 2053 deren
1049 2012 1473 2053 Geschichtlichkeit
1506 2014 1629 2053 nicht
1658 2016 1785 2054 nach—

139 2092 326 2131 weisbar
357 2092 460 2131 oder
493 2090 863 2130 wahrscheinlich
897 2090 955 2128 ist
987 2089 1296 2139 ursprunglich
1331 2088 1480 2128 Gotter
1512 2093 1708 2130 waren.”

418 2475 557 2518 XIII.
595 2475 663 2518 De
696 2475 910 2518 Locridis
942 2475 1112 2519 incolis
1146 2476 1511 2529 antiquissimis.

203 2634 431 2684 Philippus
474 2634 786 2683 Suangelensis
830 2634 1063 2682 (Suangela
1105 2634 1256 2674 Cariae
1298 2637 1393 2674 erat
1435 2635 1656 2684 oppidum)
1696 2645 1785 2684 per·

145 2710 322 2750 bibebat
363 2708 405 2748 ἐν
448 2716 498 2760 τῷ
542 2707 631 2760 περὶ
669 2710 818 2760 Καρῶν
851 2707 917 2746 καὶ
951 2707 1136 2760 Λελέγων
1165 2710 1467 2761 συγγράμματιῑ
1506 2712 1671 2760 ηΚᾶρας
1704 2713 1785 2756 τοῖς

147 2785 312 2832 Λέλεξιν
340 2784 392 2832 ὡς
420 2784 591 2831 οἰκέταις
618 2784 846 2836 χρήσασθαι
874 2784 997 2822 πάλαι
1025 2799 1063 2823 τε
1087 2783 1154 2823 καὶ
1172 2787 1290 2823 νῦν”.
1309 2786 1465 2831 (Strab.
1486 2786 1592 2824 XIII
1610 2796 1649 2834 p.
1670 2787 1784 2830 611).

206 2861 491 2901 Discernebat
522 2862 658 2910 igitur
690 2871 810 2901 more
844 2861 1069 2900 homerico
1100 2858 1154 2913 (K
1186 2862 1272 2900 428
1306 2864 1386 2910 sq.)
1414 2861 1594 2909 Leleges
1622 2871 1646 2899 a
1675 2860 1787 2899 Cari-

145 2938 239 2987 bus,
282 2939 397 2978 inter
437 2949 547 2986 quos
586 2937 739 2976 eadem
772 2938 885 2976 ratio
920 2937 1148 2976 exstitisse
1181 2938 1370 2986 videtur,
1404 2947 1513 2984 quae
1547 2938 1640 2974 erat
1674 2936 1788 2974 inter

148 3012 392 3061 Spartiatas
426 3016 469 3053 et
500 3014 672 3053 Hilotas
705 3014 774 3053 vel
807 3014 922 3053 inter
955 3013 1191 3053 Thessalos
1225 3016 1268 3052 et
1301 3014 1525 3052 Penestas.
