2200 3487
460 355 539 391 138
1074 363 1127 390 DE
1159 362 1455 391 AMAZONIBUS.

454 487 628 525 peregre
666 477 736 524 qui
771 487 867 515 cum
902 477 1105 525 ivissent,
1141 476 1242 514 alibi
1275 487 1444 524 quoque
1477 478 1751 516 Amazonum
1785 476 2003 525 sepulcra,
2037 476 2080 515 in

452 552 649 600 Boeotia,
685 551 929 600 Thessalia,
963 561 1093 599 prope
1126 551 1314 600 Megara,
1349 551 1587 601 Troezena,
1624 552 1872 591 Chalcidem
1907 561 2079 600 conspe-

452 627 644 674 xissent;
682 627 877 665 viderant
904 627 947 664 hi
974 627 1085 674 apud
1113 627 1358 665 Taenarum
1385 628 1601 676 templum
1629 628 1792 666 Dianae
1810 628 2078 677 dedicatum,

452 703 564 749 quod
606 702 673 740 hic
714 701 941 749 Virginum
986 702 1202 740 erroribus
1244 701 1343 740 finis
1379 704 1497 741 esset
1528 703 1694 750 factus;
1728 702 2082 742 sacrificaverant

453 778 511 815 ibi
544 778 733 815 fortasse
767 777 811 815 in
844 777 932 815 aris
965 777 1180 825 Apollinis
1212 778 1461 816 Amazonii.

512 853 638 891 Haud
681 852 807 891 dubie
851 852 1053 891 homines
1094 852 1279 902 antiqui,
1324 853 1418 902 ipso
1460 864 1515 892 ex
1546 853 1638 892 solo
1670 853 1816 892 Attico
1848 853 2081 902 progeniti,

452 928 602 976 glebae
649 927 814 976 patriae
862 927 1220 966 coniunctissimi
1266 938 1316 966 ac
1363 928 1617 977 longinquis
1662 928 2087 977 peregrinationibus

453 1004 635 1042 minime
677 1004 863 1053 assueti,
909 1003 1182 1042 mirabantur
1228 1004 1403 1043 hostem
1442 1015 1496 1043 ex
1528 1005 1659 1043 Asiae
1691 1004 1987 1053 penetralibus
2017 1004 2085 1042 tot

452 1089 526 1127 per
557 1080 714 1128 terras,
749 1080 940 1128 montes,
975 1079 1159 1118 flumina
1190 1089 1327 1127 usque
1359 1080 1411 1118 ad
1443 1081 1610 1118 metam
1643 1079 1932 1128 Peloponnesi
1958 1089 2082 1127 pene·

450 1158 606 1193 trasse.
655 1154 792 1203 Magis
839 1155 973 1193 etiam
1021 1154 1294 1193 mirabantur
1335 1157 1501 1194 matres
1543 1155 1753 1204 familiae,
1797 1155 1952 1202 quibus
1993 1155 2085 1193 vita

452 1230 565 1268 inter
611 1231 799 1279 parietes
847 1232 942 1269 erat
989 1230 1204 1279 degenda,
1254 1240 1388 1278 equos
1435 1232 1583 1269 autem
1632 1232 1675 1269 et
1720 1241 1844 1269 arma
1890 1232 1934 1268 et
1973 1229 2088 1268 bella

455 1307 649 1345 virorum
691 1307 734 1345 in
767 1316 897 1345 usum
930 1316 954 1345 a
987 1306 1079 1345 deis
1110 1306 1440 1345 immortalibus
1471 1309 1618 1346 creata
1649 1317 1746 1346 esse
1779 1305 2084 1345 autumabant.

455 1382 673 1421 Theseum
707 1382 759 1420 ad
792 1382 1163 1421 Thermodontem
1191 1383 1443 1430 pervenisse
1470 1382 1612 1430 ibique
1638 1382 1874 1431 Antiopam
1901 1382 2085 1420 Amazo-

459 1469 565 1497 num
607 1459 805 1507 reginam
846 1457 1102 1507 sustulisse,
1145 1457 1247 1505 quid
1285 1458 1446 1497 mirum
1479 1458 1700 1497 habebat?
1732 1456 1934 1496 Herculis
1967 1457 2084 1496 enim

458 1534 711 1582 exemplum
754 1534 949 1582 secutus,
995 1532 1252 1572 iniuriarum
1295 1533 1431 1572 simul
1469 1535 1620 1572 auctor
1652 1535 1695 1572 et
1724 1533 1854 1581 ultor,
1888 1542 1963 1581 per
1994 1532 2090 1571 vias

458 1612 501 1649 et
546 1610 664 1648 invia
715 1611 808 1648 erat
854 1610 1052 1656 vagatus.
1102 1609 1183 1647 Sed
1224 1608 1413 1647 feminas
1455 1611 1650 1648 armatas
1691 1609 1897 1656 equisque
1939 1608 2087 1646 vectas

460 1686 593 1725 etiam
636 1685 808 1733 longius
851 1684 1081 1732 aliquando
1124 1694 1220 1723 esse
1260 1694 1518 1733 progressas
1559 1695 1689 1732 quam
1727 1684 1811 1733 ipsi
1850 1684 2083 1722 Persarum

460 1761 551 1809 regi
583 1760 857 1809 contigisset,
892 1760 934 1799 id
966 1760 1207 1799 humanam
1238 1759 1369 1799 fidem
1402 1760 1653 1810 superabat,
1688 1762 1731 1799 et
1756 1759 1841 1798 nisi
1867 1759 2086 1798 Homerus

458 1837 588 1875 testis
619 1836 776 1875 fuisset
806 1836 1034 1875 Priamum
1067 1835 1532 1884 Bellerophontemque
1565 1836 1656 1875 acie
1686 1844 1904 1885 pugnasse
1937 1835 2090 1874 contra

459 1914 724 1962 Amazonas,
767 1912 919 1951 Asiam
960 1911 1093 1960 igitur
1135 1922 1209 1950 eas
1250 1912 1491 1962 habitasse,
1534 1913 1724 1951 fortasse
1755 1921 1870 1950 unus
1902 1912 1946 1949 et
1977 1909 2088 1948 alter

458 1990 547 2027 iam
580 1990 684 2027 tunc
712 1989 925 2036 temporis
958 1988 1008 2026 de
1040 1989 1315 2027 Amazonum
1349 1987 1515 2036 origine
1547 1987 1750 2026 orientali
1775 1986 2020 2025 dubitasset
2045 1986 2089 2023 et

460 2065 502 2103 in
559 2064 739 2103 Graecia
793 2064 955 2114 potiuS,
1015 2075 1051 2103 e.
1090 2075 1130 2112 g.
1178 2064 1231 2103 ad
1278 2063 1482 2103 Boeotiae
1529 2063 1651 2102 illum
1700 2061 2085 2109 Thermodontem,

461 2150 611 2178 earum
642 2140 792 2179 sedem
824 2140 1130 2188 quaesivisset.

519 2215 744 2255 Venerunt
791 2215 883 2254 dies
926 2215 1080 2262 quibus
1122 2215 1372 2254 Herodotus
1413 2215 1622 2254 historias
1663 2225 1767 2253 suas
1808 2214 1943 2252 variis
1983 2212 2091 2252 locis

463 2300 609 2329 coram
650 2291 808 2339 populo
850 2291 1064 2330 recitavit.
1097 2291 1160 2329 Ibi
1192 2292 1297 2330 tunc
1329 2291 1548 2330 auditores
1579 2291 1746 2329 famam
1780 2290 1833 2329 de
1865 2290 2092 2328 Sauroma-

463 2369 608 2405 tarum
664 2366 920 2405 mulieribus
969 2366 1282 2416 equitantibus,
1332 2366 1612 2416 venantibus,
1661 2365 1956 2415 pugnantibus
2001 2365 2093 2402 tam

463 2441 668 2480 delectati
700 2452 830 2489 quam
863 2442 1068 2480 admirati
1100 2441 1372 2490 accipiebant
1404 2442 1551 2481 avide:
1580 2441 1779 2480 habitare
1803 2440 1882 2479 has
1909 2439 2098 2478 feminas

465 2517 507 2554 in
551 2517 712 2555 vicinia
753 2517 888 2556 maris
931 2516 1096 2567 Caspii,
1131 2527 1210 2556 nec
1242 2518 1435 2556 multum
1468 2518 1715 2566 discrepare
1747 2515 1799 2555 ab
1833 2516 2096 2563 Oeorpatum

465 2593 612 2640 gente,
662 2602 770 2639 quae
818 2603 843 2630 a
889 2593 1177 2640 Themiscyra
1225 2593 1276 2631 ad
1325 2592 1696 2632 Thermodontem
1744 2592 1940 2640 oriunda,
1985 2590 2098 2629 forte

463 2668 613 2704 autem
645 2667 820 2705 fortuna
851 2667 894 2705 in
926 2668 1142 2716 Europam
1174 2670 1444 2717 transvecta,
1480 2668 1532 2707 ad
1565 2668 1730 2706 Tanain
1763 2667 1925 2705 flumen
1957 2675 2096 2704 novas

465 2743 592 2781 sedes
634 2745 912 2790 occupasset;
959 2742 1161 2794 Οἰόρπατα
1205 2746 1354 2783 autem
1394 2743 1640 2792 significare
1673 2741 1979 2793 ἀνδροκτόνους.
2012 2741 2093 2790 En,

466 2818 711 2866 cogitarunt
769 2818 882 2857 haud
936 2818 1061 2858 dubie
1108 2819 1278 2868 Graeci,
1328 2819 1486 2867 quibus
1533 2829 1686 2858 omnes
1733 2818 1934 2866 regiones
1980 2817 2096 2855 ultra

466 2894 631 2932 Tanain
673 2904 749 2943 pro
792 2894 897 2932 Asia
940 2896 1082 2943 erant,
1127 2904 1197 2944 en,
1233 2894 1414 2934 Homeri
1446 2893 1553 2933 fides
1584 2903 1682 2933 sera
1713 2894 1856 2932 aetate
1887 2892 2091 2941 probata:

465 2971 568 3008 sunt
600 2970 734 3017 igitur
761 2971 805 3008 et
830 2969 1004 3008 fuerunt
1031 2980 1148 3008 verae
1174 2971 1439 3019 Amazones,
1469 2970 1658 3008 feminae
1683 2968 1891 3007 barbarae
1918 2968 2093 3016 quidem

467 3045 542 3083 sed
571 3045 785 3086 mortales
816 3048 865 3085 ut
896 3055 1050 3084 sumus
1082 3045 1178 3095 ipsi,
1212 3046 1311 3087 Mox
1342 3046 1565 3096 Tomyris,
1601 3045 1700 3096 Cyri
1732 3044 1914 3085 maioris
1947 3043 2094 3086 adver·>
