2200 3487
499 372 579 408 146
1117 377 1170 403 DE
1202 375 1497 403 AMAzoNIBUS.

729 498 842 541 φηγῷ
878 490 954 528 ὑπὸ
967 491 1014 536 (Ῡ)
1046 488 1220 543 πρέμνῳ·
1254 487 1404 526 τέλεσεν
1438 486 1480 525 δέ
1511 502 1569 525 τοι
1601 487 1708 536 ἱερὸν
1732 485 1871 525 Ἱππώ·

728 565 846 604 αὐταὶ
879 562 914 603 δ’
948 560 1085 611 ,,Οὗπι
1117 560 1296 602 ἅνασσα”
1330 562 1419 613 περὶ
1450 563 1594 613 πρύλιν
1628 562 1870 613 ὠρχήσαντο,

727 648 862 693 πρῶτα
893 639 964 690 μὲν
992 640 1033 679 ἐν
1067 639 1272 678 σακέεσσιν
1305 638 1504 685 ἐνόπλιον,
1537 634 1637 677 αὖθι
1671 638 1712 678 δὲ
1742 641 1873 694 κύκλῳ

727 717 968 766 στησάμεναι
1000 715 1117 766 χορὸν
1151 715 1283 764 εὐρύν·
1316 713 1515 763 ὑπήεισαν
1548 712 1591 752 δὲ
1621 715 1760 765 λίγειαι

726 790 938 830 λεπταλέον
972 792 1172 842 σύριγγες,
1206 790 1272 828 ἵνα
1304 790 1533 839 πλήσσωσιν
1567 787 1736 843 ὁμαρτῇ,

1425 864 1469 902 αἱ
1499 862 1542 902 δὲ
1573 864 1764 903 πόδεσσιν

726 936 825 980 οὖλα
856 941 1196 990 κατεκροτάλιζον,
1227 938 1456 988 ἐπεψόφεον
1489 936 1531 976 δὲ
1563 937 1765 989 φαρέτραι.

487 1019 549 1056 En
590 1018 723 1066 igitur
767 1017 957 1064 virgines
1000 1017 1218 1061 armatae,
1258 1015 1571 1063 AmazonideS,
1614 1015 1779 1053 circum
1823 1014 1985 1053 Dianae
2017 1015 2119 1054 ima-

486 1093 633 1141 ginem
665 1093 810 1141 fagino
842 1092 920 1130 sub
949 1094 1103 1130 trunco
1131 1092 1322 1129 erectam
1350 1090 1559 1128 ducentes
1585 1090 1788 1137 chorum;
1818 1090 1943 1128 deam
1973 1092 2119 1129 autem

487 1169 697 1207 invocant
729 1167 874 1206 verbis
910 1160 1045 1215 ηΟῧπι
1077 1164 1276 1204 ἅνασσα”.

546 1243 654 1291 Upis
688 1243 757 1281 vel
790 1243 893 1291 Opis
926 1242 1031 1280 illud
1064 1251 1244 1289 nornen,
1273 1251 1298 1278 a
1325 1240 1527 1279 Cicerone
1555 1250 1723 1287 quoque
1750 1237 1776 1278 ¹)
1804 1242 2118 1289 memoratum,

487 1319 676 1365 quadarn
709 1320 839 1356 tenus
871 1317 1119 1355 illustratur
1152 1316 1366 1354 Athenaei
1394 1315 1700 1353 observatione
1724 1311 1767 1363 2),
1803 1315 1999 1353 carmina
2029 1315 2124 1354 Dia-

488 1403 569 1432 nae
618 1394 660 1431 in
709 1393 917 1430 honorem
967 1393 1146 1430 cantata
1193 1391 1420 1429 nominata
1466 1390 1603 1429 fuisse
1644 1389 1873 1440 οὐπίγγους.
1918 1390 2120 1429 Scholion

492 1470 643 1506 autem
672 1468 724 1506 ad
751 1467 890 1515 Apoll.
920 1467 1056 1505 Rhod.
1086 1467 1104 1503 Ι
1131 1476 1196 1504 vs.
1225 1466 1309 1504 972
1328 1465 1469 1504 lucem
1491 1465 1616 1503 affert
1633 1465 1858 1503 clariorem
1878 1478 1884 1504 :
1907 1463 2123 1516 „oiimyyog

490 1542 598 1592 παρὰ
634 1543 976 1592 Τροιζηνίοις
1010 1541 1064 1588 εἰς
1087 1540 1270 1591 ’Ἀρτεμιν
1302 1540 1471 1590 ὕμνος”.

547 1619 764 1657 Troezene
791 1618 924 1666 igitur
950 1617 1088 1655 Diana
1117 1611 1245 1662 Οὗπις
1273 1617 1497 1663 audiebat;
1526 1616 1584 1654 ibi
1601 1617 1832 1655 exercebat
1850 1617 2005 1655 choros
2023 1617 2120 1664 dea,

1388 1702 1520 1739 quam
1553 1692 1674 1730 mille
1709 1694 1885 1730 seculae

667 1769 766 1808 hinc
799 1770 929 1816 atque
962 1768 1064 1806 hinc
1095 1768 1396 1815 glomerantur
1427 1767 1631 1806 oreades:
1666 1767 1740 1805 illa
1771 1767 2023 1815 pharetram

666 1846 750 1884 fert
782 1855 951 1892 umero,
987 1844 1276 1892 gradiensque
1309 1843 1412 1881 deas
1445 1844 1742 1891 supereminet
1773 1844 1930 1882 omnis.

547 1921 633 1959 Nec
660 1920 944 1958 immemores
973 1928 1128 1956 sumus
1153 1919 1295 1966 ipsam
1321 1917 1541 1956 Troezena
1559 1917 1731 1956 fabulae
1750 1918 1973 1966 Hippolyti
1990 1917 2124 1955 fuisse

488 2006 686 2044 scenam,
723 1996 803 2034 hac
836 1996 879 2033 in
912 1995 1016 2033 urbe
1050 1995 1288 2033 Amazonis
1322 1995 1445 2033 illum
1479 1994 1617 2033 filium
1651 1995 1818 2032 vixisse
1850 1996 2126 2040 mortemque

487 2072 664 2119 obiisse,
699 2071 756 2109 ibi
788 2070 1046 2119 praeser†im
1081 2069 1283 2108 sonuisse
1317 2070 1488 2108 cantica
1519 2070 1646 2116 quale
1678 2069 1761 2107 fuit
1792 2069 2093 2117 Euripideum:

1021 2144 1164 2183 πότνια
1196 2143 1340 2183 πότνια
1374 2145 1610 2195 σεμνοτάτα,

1083 2219 1214 2266 Ζανὸς
1248 2218 1456 2271 γένεθλον,

1025 2298 1135 2345 χαῖρε
1168 2293 1277 2346 χαῖρέ
1310 2310 1396 2346 μοι,
1427 2290 1456 2334 ὦ
1489 2295 1588 2346 κόρα

1021 2370 1208 2408 καλλίστα
1240 2370 1343 2409 πολὺ
1377 2369 1607 2420 παρθένων.

489 2447 595 2496 Quid
639 2447 801 2485 multa:
844 2447 1036 2485 Troezen
1080 2446 1200 2495 urbs,
1245 2447 1282 2485 si
1325 2457 1435 2494 quae
1477 2446 1580 2493 alia,
1621 2446 1723 2495 Opis
1754 2446 1914 2485 Dianae
1947 2446 2125 2493 eiusque

488 2523 702 2561 sociarum
742 2523 860 2560 cultu
894 2524 987 2560 erat
1019 2522 1206 2570 insignis
1228 2517 1270 2567 3).
1304 2522 1393 2560 Dea
1425 2522 1500 2560 illa
1532 2523 1623 2560 tam
1657 2523 1798 2560 terrae
1829 2532 1957 2568 quam
1991 2521 2126 2559 maris

487 2598 755 2636 dominatrix
793 2597 1102 2645 potentissima
1134 2599 1177 2635 et
1209 2597 1489 2645 saevissima,
1525 2599 1707 2635 naturae
1739 2597 1828 2635 vim
1863 2597 2125 2635 indomitam

486 2674 630 2721 specie
684 2673 860 2712 caelesti
909 2674 1261 2721 repraesentans,
1313 2673 1436 2711 cuius
1483 2673 1721 2710 adventum
1771 2674 2034 2710 nocturnum
2083 2671 2124 2708 in

486 2749 612 2788 silvis
645 2748 952 2796 significabant
984 2749 1198 2796 procellae
1231 2749 1489 2796 stridentes,
1520 2749 1560 2787 in
1589 2750 1700 2786 mari
1728 2748 1889 2786 fluctus
1916 2747 2126 2786 commoti

485 2835 728 2874 spumaque
769 2826 1010 2873 conspersi,
1055 2826 1158 2864 licet
1199 2835 1413 2872 nusquam
1451 2834 1535 2862 non
1567 2834 1641 2872 per
1670 2824 1896 2862 Graeciam
1932 2823 1983 2861 ab
2017 2823 2124 2871 agri-

532 3009 556 3050 l)
584 3011 661 3041 Nat.
687 3009 785 3041 Deor.
813 3011 866 3040 III
892 3012 943 3041 23.
1302 3011 1327 3047 ²)
1353 3012 1427 3041 XIV
1454 3021 1486 3050 p.
1513 3012 1588 3041 619.

531 3069 554 3108 ³)
580 3072 628 3101 Of.
660 3072 796 3102 Griech.
828 3070 924 3101 Peste
948 3072 993 3101 M.
1022 3071 1055 3100 P.
1082 3073 1219 3101 Nilsson
1246 3082 1279 3110 p.
1305 3074 1380 3102 208.
