2200 3487
420 323 438 360 1
447 323 501 360 70
1120 336 1173 363 DE
1207 336 1403 364 OARNEIS.

416 448 690 485 δειπνοῦσιιι”.
724 449 833 487 Sunt
864 452 1084 498 σκηναῖς
1118 450 1393 497 subsimiles;
1428 453 1672 498 congruunt
1705 451 1838 499 igitur
1869 461 2048 499 prorsus

416 534 515 562 cum
558 525 758 563 casiculis
800 526 851 564 de
893 526 1047 573 quibus
1092 527 1203 574 apud
1245 527 1430 565 Iesaiarn
1471 514 1521 565 fit
1562 538 1719 566 sermo.
1764 528 1867 566 Plus
1899 529 2044 566 autern

417 601 540 639 docet
581 600 821 639 Pausanias
853 601 933 647 III,
974 602 1044 649 12,
1080 602 1128 639 8:
1166 600 1302 651 ηὲτέρα
1336 599 1377 639 δὲ
1409 601 1450 639 ἐκ
1483 608 1550 651 τῆς
1578 601 1724 653 ἀγορᾶς
1757 601 1860 640 ἐστὶν
1894 601 2049 651 ἔξοδος,

415 672 508 713 καθ’
551 673 602 725 ἣν
634 675 849 725 πεποίηταί
877 686 987 723 σφισι
1023 673 1046 724 ἡ
1081 674 1305 726 καλουμένη
1338 676 1479 726 Σκιάς,
1507 676 1609 715 ἔνθα
1636 677 1699 715 καὶ
1729 684 1802 716 νῦν
1831 677 1885 716 ἔτι
1912 676 2048 728 ἐκκλη-

416 751 622 797 σιάζουσι”
655 751 882 800 (Spartae).
917 751 1098 790 Videtur
1129 751 1266 790 fuisse
1304 751 1400 798 ναὸς
1431 753 1661 802 θολοειδής,
1692 754 1834 801 qualis
1865 754 2052 793 Athenis

416 826 498 865 fuit
539 825 662 871 θάλος
703 826 798 875 illa,
833 826 905 865 ubi
938 828 1147 874 prytanes
1181 828 1418 875 cenabant;
1451 828 1592 866 forma
1625 827 1806 867 aedificii
1839 829 2049 876 antiquis-

414 902 530 940 sima
561 901 743 939 Homeri
775 901 911 939 etiam
944 903 1088 940 aetate
1121 902 1289 941 usitata
1312 899 1355 947 1).

478 977 622 1024 Magni
654 986 823 1024 quoque
856 978 1071 1015 momenti
1101 977 1275 1025 glossae
1307 980 1413 1016 sunt
1444 978 1771 1026 Hesychianae:

476 1053 502 1091 i.
539 1063 577 1091 V.
611 1052 760 1098 Σκιάςὶ
798 1050 848 1102 ,,ἡ
882 1051 1131 1103 ἀναδενὸρὰς
1158 1051 1225 1090 καὶ
1251 1052 1379 1103 σκηνὴ
1409 1051 1657 1104 ὠροφωμένη
1686 1052 1753 1092 καὶ
1779 1053 1821 1093 τὸ
1847 1052 2052 1101 θολοειὸὲς

417 1127 618 1167 σκιάδειον
649 1126 691 1166 ἐν
725 1124 753 1181 ᾧ
787 1125 807 1166 ὅ
841 1127 1040 1173 Διόνυσος
1073 1128 1249 1178 κάθηται
1282 1127 1348 1167 καὶ
1380 1128 1422 1167 τὸ
1456 1130 1749 1179 Πρυτανεῖον”.

476 1206 502 1244 i.
535 1216 575 1244 V.
609 1204 757 1250 θόλοςῑ
806 1203 935 1253 »ὅπου
979 1204 1021 1242 οῖ
1060 1205 1283 1255 Πρυτάνεις
1327 1203 1392 1243 καὶ
1434 1203 1458 1255 ἡ
1501 1204 1628 1255 βουλὴ
1670 1211 1950 1244 συνειστιῶντο
1987 1203 2055 1244 καὶ

417 1280 537 1327 τόπος
570 1279 611 1319 ἐν
645 1277 674 1334 ᾧ
709 1279 754 1318 τὰ
787 1280 1012 1329 συμποτικὰ
1046 1281 1168 1330 σκεύη
1201 1279 1449 1319 ἀπόκειται”.

477 1357 538 1399 Cf.
572 1357 781 1405 Harpocr.
826 1357 851 1396 i.
888 1367 950 1395 V.:
999 1356 1145 1402 θόλοςῑ
1198 1356 1444 1406 ῃΆμμώνιος
1486 1354 1528 1394 ἐν
1572 1357 1730 1410 τετάρτῃ
1772 1355 1861 1407 περὶ
1903 1358 2055 1406 Βωμῶν

420 1433 565 1484 γράφει
596 1433 719 1471 ταυτί·
751 1430 771 1471 ὁ
805 1431 847 1471 δὲ
878 1432 997 1479 τόπος
1033 1432 1135 1471 ὅπου
1168 1431 1371 1473 ἑστιῶνται
1400 1432 1440 1471 οἵ
1465 1433 1690 1481 Πρυτάνεις
1717 1435 1891 1471 καλεῖται
1917 1431 2057 1482 θάλος,

426 1505 487 1546 ὑπ’
523 1507 640 1546 ἐνίων
675 1506 716 1546 δὲ
748 1509 951 1554 Σκιάς”.

482 1584 675 1633 Denique
718 1585 906 1632 Hesych.
950 1585 977 1623 i.
1013 1596 1052 1623 V.
1097 1583 1299 1622 σκιάδεια;
1345 1584 1633 1635 ᾖσκηνοττηγίά
1678 1583 1756 1622 ἔστι
1789 1581 1831 1622 δὲ
1862 1583 1981 1630 τόπος
2014 1582 2056 1622 ἐν

425 1657 453 1714 ᾧ
488 1660 532 1698 τὰ
566 1660 748 1710 μειράκια
781 1659 1030 1706 ἐκαθέζετο”.
1065 1660 1184 1709 Quod
1216 1660 1269 1698 ad
1302 1659 1467 1698 Carnea
1498 1660 1686 1698 fortasse
1718 1661 1902 1709 spectat.

484 1736 770 1775 Observarint
810 1747 982 1775 mecum
1027 1736 1211 1775 lectores
1248 1736 1368 1774 θόλον
1404 1736 1471 1775 vel
1504 1735 1647 1773 σκιάδα
1679 1735 1790 1784 apud
1822 1736 2056 1784 lexicogra-

424 1813 532 1860 phos
570 1813 716 1851 vocari
748 1812 912 1860 locum,
948 1812 1020 1850 ubi
1053 1812 1120 1850 vel
1153 1812 1386 1860 epulantur
1413 1812 1614 1850 homines
1642 1811 1710 1850 vel
1736 1811 1936 1859 supellex
1963 1821 2059 1850 con·

426 1888 584 1926 vivalis
627 1891 894 1927 asservatur.
938 1872 1102 1926 'Pholus
1143 1888 1275 1935 igitur
1318 1887 1588 1926 atheniensis
1629 1889 1671 1926 et
1712 1887 1834 1926 Scias
1865 1886 2061 1925 laconica

423 1975 509 2003 non
543 1964 671 2003 modo
705 1965 846 2012 ipsam
884 1964 1073 2011 formam
1107 1967 1341 2001 servarunt
1374 1963 1683 2011 casiculasum⁷
1717 1963 1789 2000 ubi
1824 1962 2058 2001 vindemia-

425 2043 545 2080 tores
593 2040 819 2088 capiebant
866 2050 1038 2088 cenam,
1083 2040 1158 2078 sed
1204 2039 1389 2077 eundem
1434 2049 1603 2086 quoque
1641 2040 1693 2076 ad
1725 2049 1870 2087 usum,
1904 2047 2062 2086 nempe

428 2118 480 2156 ad
524 2116 807 2165 epulandum,
852 2118 943 2154 tam
983 2117 1138 2164 priscis
1171 2125 1301 2162 quam
1335 2114 1556 2153 historicis
1588 2114 1862 2162 temporibus
1892 2113 2063 2152 adhibe-

429 2195 599 2233 bantur.
659 2194 777 2242 Quod
825 2193 959 2232 etiam
1009 2192 1170 2231 clarius
1217 2191 1266 2230 fit
1311 2192 1503 2240 glossam
1554 2190 1879 2238 Hesychianam
1929 2189 2065 2235 σκιάςε

428 2268 450 2320 ἡ
492 2268 742 2320 ἀιιαδενδράς
774 2271 952 2318 propius
986 2268 1378 2307 considerantibus,
1413 2267 1520 2315 Quid
1548 2266 1664 2304 enim
1694 2267 1762 2304 est
1788 2263 2070 2314 ἁιιαδενδράςὶ)

430 2347 594 2394 Nempe
637 2346 727 2384 vitis
768 2346 993 2385 arbustive».
1041 2345 1147 2393 Quid
1193 2347 1340 2382 autem
1385 2343 1529 2390 magis
1562 2343 1904 2381 consentaneum
1938 2351 2067 2388 quam

430 2422 510 2461 sub
544 2422 651 2471 ipsis
686 2422 788 2460 vitis
822 2422 1055 2460 maritatae
1089 2421 1203 2459 foliis
1235 2419 1532 2468 densissimiS‚
1569 2428 1669 2457 cum
1696 2417 1918 2456 laboribus
1942 2417 2067 2455 inter-

432 2499 583 2536 missis
625 2498 789 2536 famem
834 2498 994 2535 satiare
1039 2496 1219 2544 vellent,
1265 2494 1370 2533 solis
1411 2495 1610 2532 ardorem
1653 2493 1862 2541 effugisse
1903 2492 2071 2541 priscos

433 2575 805 2613 vindemiatores?
847 2574 915 2612 Sic
957 2573 1010 2612 ab
1043 2574 1136 2621 ipso
1169 2572 1247 2610 deo
1281 2571 1404 2609 ouius
1437 2570 1550 2609 dona
1582 2569 1847 2617 colligebant
1879 2578 1904 2607 a
1936 2567 2072 2606 nimio

430 2650 572 2690 calore
605 2650 959 2689 defendebantur.

494 2726 602 2775 Quid
642 2726 754 2773 quod
798 2726 905 2764 deus
947 2726 1039 2774 ipse
1082 2724 1169 2762 tale
1202 2723 1286 2761 sibi
1318 2722 1534 2770 refugium
1566 2720 1824 2769 quaerebat!
1859 2719 1991 2767 Nam,
2026 2719 2073 2756 ut

432 2804 678 2852 Hesychius
711 2803 909 2850 tradidit,
945 2803 1056 2847 σκιάς
1091 2799 1327 2839 vocabatur
1361 2798 1496 2837 etiam
1533 2796 1601 2845 „rb
1635 2796 1836 2833 σκιάδειον
1864 2792 2070 2839 θολοειδές

435 2878 476 2918 ἐν
510 2876 539 2933 ᾧ
573 2877 592 2917 ὁ
626 2878 824 2923 Διόνυσος
859 2877 1077 2926 κάθηται”.

482 3043 505 3083 l)
530 3057 551 3083 χ
577 3045 652 3074 4ὲ2.
674 3045 766 3076 Σκιάς
791 3043 858 3071 iam
884 3043 1029 3079 apparet
1055 3042 1087 3069 A
1113 3041 1154 3069 39
1181 3040 1223 3069 cf.
1249 3040 1429 3069 Leeuwen.
1455 3037 1580 3066 Mnem.
1607 3035 1740 3065 XXXIV
1767 3044 1799 3072 p.
1825 3034 1859 3063 II
1888 3034 1959 3063 182.
