2200 3487
412 345 465 382 58
1102 354 1155 381 DE
1189 353 1332 382 ArACE.

939 466 1006 504 τὸν
1040 462 1076 504 δ’
1115 464 1236 511 Ἀξιὸς
1269 462 1534 515 εὐρυρέεθρος

647 544 815 594 ’γείνατο
849 540 914 579 καὶ
948 541 1142 591 Περίβοια
1177 541 1231 584 (Φ
1268 540 1379 584 141).

470 619 707 666 Pelagones
735 617 1006 669 (Πελαγόνες),
1041 619 1219 665 gentem
1254 616 1491 665 illyricam,
1527 618 1679 664 postea
1711 617 1890 656 Paeones
1917 627 2038 656 voca-

411 696 479 731 tos
522 694 658 731 fuisse
692 693 844 731 Strabo
878 693 1003 731 docet
1034 692 1126 740 VII,
1161 691 1260 729 331.
1292 690 1350 729 Cf.
1380 690 1569 738 Hesych.
1611 693 1687 741 Πη
1701 692 1865 743 λαγόνες
1902 690 2037 743 γέρον-

407 783 483 817 τες,
516 768 695 816 παλαιοί,
726 770 913 818 γηγενεῖς.
952 766 1062 815 „Der
1094 766 1231 803 Name
1264 766 1321 803 ist
1355 765 1454 804 dem
1483 766 1668 804 Meti-um
1697 777 1749 805 zu
1776 767 1860 806 lieb
1888 777 2035 815 umge-

408 844 569 881 formt”
605 842 721 886 (Fick
755 843 903 889 Vorgr.
940 841 1204 879 Ortsnamen
1238 850 1278 887 p.
1314 840 1397 884 99).

466 917 721 965 Pelaqonmn
757 917 823 955 vel
857 916 1071 954 Paeonum
1105 925 1266 954 nomen
1300 925 1384 954 non
1414 916 1544 954 modo
1573 916 1616 955 in
1645 917 1812 966 Illyria,
1833 917 2034 966 Thracia,

408 993 606 1040 Troiade,
657 992 730 1030 sed
773 991 875 1030 alibi
907 1001 1074 1039 quoque
1107 991 1344 1030 invenitur.
1380 994 1415 1028 A
1448 991 1531 1030 295
1565 991 1829 1040 Pelagonem
1861 992 2035 1030 offendi-

410 1078 506 1106 mus
544 1069 654 1105 inter
696 1066 862 1115 Pylios,
908 1076 1017 1113 quos
1055 1066 1174 1104 ducit
1214 1066 1393 1113 Nestor;
1440 1068 1475 1103 E
1509 1068 1593 1105 695
1636 1066 1809 1116 ἴφθιμος
1843 1066 2037 1117 Πελάγων

407 1144 549 1182 socius
596 1142 763 1180 amicus
812 1143 878 1180 est
926 1142 1186 1190 Sarpedonis
1229 1142 1362 1189 Lycii.
1408 1139 1588 1192 Πέλαγος
1631 1143 1881 1188 quercetum
1925 1142 2036 1191 apud

407 1219 592 1266 Tegeam
625 1218 667 1255 in
701 1217 886 1256 Arcadia
918 1217 1017 1266 fuit,
1054 1217 1196 1262 (Paus.
1217 1217 1330 1266 VIII,
1355 1219 1445 1265 11);
1480 1218 1742 1266 Pelagonem
1776 1219 1819 1256 in
1853 1218 2038 1257 Phocide

406 1295 623 1332 memorat
670 1292 960 1341 Apollodorus
1007 1293 1095 1341 (III,
1142 1293 1181 1342 4,
1232 1288 1295 1343 1);
1344 1292 1544 1341 Aesopus
1602 1293 1785 1341 denique
1833 1292 2037 1331 Boeotiae

406 1368 567 1406 flumen
610 1367 747 1406 filium
792 1367 923 1405 huius
960 1367 1153 1406 nominis
1186 1367 1352 1406 habuit.
1387 1367 1470 1405 Cur
1503 1367 1611 1406 haec
1643 1368 1822 1406 omnia?
1854 1368 1914 1406 Ut
1945 1377 2037 1406 sen-

404 1444 569 1481 tiamus
601 1443 813 1481 Paeonum
849 1442 914 1481 vel
946 1442 1202 1490 Pelayonum
1235 1453 1396 1481 nomen
1432 1453 1486 1481 ex
1524 1443 1675 1491 Illyria
1712 1445 1803 1482 tam
1840 1444 1883 1481 in
1911 1443 2036 1482 Grae-

410 1518 521 1556 ciam
553 1528 683 1565 quam
716 1518 759 1556 in
793 1519 945 1557 Asiam
979 1519 1210 1567 migrasse.

468 1593 627 1631 Gentes
675 1594 810 1642 enim,
854 1604 963 1641 quae
995 1594 1151 1642 priscis
1184 1593 1272 1632 illis
1305 1593 1578 1642 temporibus
1611 1605 1633 1632 e
1666 1594 1915 1642 regionibus
1945 1603 2033 1642 sep-

410 1669 743 1708 tentrionalibus
800 1670 1030 1708 meridiem
1090 1680 1244 1708 versus
1295 1669 1682 1718 progrediebantur
1729 1680 1866 1708 novas
1913 1670 2038 1708 sedes

409 1747 686 1793 quaerentes,
730 1755 804 1793 per
834 1748 1057 1792 utramque
1090 1745 1383 1784 continentem
1419 1745 1606 1793 vestigia
1637 1755 1716 1783 sua
1748 1745 2035 1800 reliquerunt,

408 1821 612 1867 quoniam
671 1831 743 1868 per
798 1822 1031 1868 utramque
1088 1819 1461 1868 dispergebantur.
1532 1820 1662 1858 Cuius
1725 1821 1785 1859 rei
1847 1820 2036 1868 plurima

408 1896 583 1943 praebet
610 1896 812 1944 exempla
840 1895 973 1934 Fickii
1001 1895 1108 1934 liber
1136 1895 1417 1944 utilissimus,
1447 1906 1576 1942 quem
1594 1906 1726 1944 supra
1743 1896 2035 1934 laudavimus.

469 1971 661 2019 Suspicio
703 1971 838 2019 igitur
885 1971 1078 2009 nascitur
1127 1970 1300 2019 eadem,
1344 1980 1452 2017 quae
1495 1970 1544 2009 de
1577 1970 1821 2009 Paeonibus
1854 1971 2036 2017 aliisque

407 2046 600 2095 valeant,
635 2046 828 2085 valuisse
860 2056 1030 2094 quoque
1063 2046 1113 2084 de
1147 2045 1336 2084 Teucris.
1367 2045 1422 2083 Hi
1450 2055 1618 2093 quoque
1647 2056 1745 2084 cum
1771 2046 2035 2094 Paeonibus,

410 2121 579 2170 Mysiis,
615 2121 861 2168 quibuscum
879 2121 930 2160 ab
963 2120 1168 2160 Herodoto
1201 2121 1526 2170 coniunyuntur,
1561 2121 1665 2160 olim
1693 2121 1895 2169 regiones
1922 2122 2037 2159 inco-

408 2197 581 2235 luerunt
613 2197 996 2246 septentrionales,
1032 2197 1146 2236 unde
1181 2197 1496 2235 descendentes
1523 2198 1617 2235 tarn
1650 2196 1876 2235 Graeciam
1909 2206 2038 2243 quam

411 2272 562 2309 Asiam
610 2273 881 2311 invaserunt.
931 2273 1158 2320 Progressi
1202 2274 1307 2310 sunt
1348 2282 1484 2319 usque
1525 2273 1577 2310 ad
1611 2282 1731 2310 mare
1765 2272 1953 2319 Ionium,
1987 2271 2040 2309 ad

412 2347 602 2384 Peneum
645 2347 823 2396 flumen,
869 2349 964 2386 tum
1008 2348 1284 2387 deflexerunt
1313 2348 1526 2386 orientem
1558 2357 1711 2386 versus
1744 2347 1932 2394 vestigia
1963 2356 2042 2384 sua

413 2421 706 2469 relinquentes
746 2424 796 2461 ad
839 2423 1174 2472 Propontidem,
1219 2423 1332 2471 apud
1374 2423 1585 2461 Miletum.
1617 2422 1810 2470 Denique
1843 2423 2039 2460 montem

413 2497 602 2535 Taurum
650 2500 905 2545 superantes
950 2500 993 2536 in
1037 2498 1188 2538 Cilicia
1231 2499 1425 2546 quietem
1459 2499 1762 2546 reppererunt,
1797 2496 1871 2535 sed
1905 2496 1955 2534 de
1987 2496 2041 2534 iis

413 2582 580 2618 quoque
613 2573 747 2612 valuit
779 2574 886 2612 illud
922 2574 1020 2622 „qui
1058 2574 1166 2613 bene
1209 2574 1338 2613 latuit
1371 2574 1477 2612 bene
1513 2573 1665 2611 vixit.'’
1701 2573 1769 2611 Sic
1797 2572 2038 2618 latuerunt,

411 2648 458 2684 ut
491 2647 559 2684 vel
592 2657 751 2686 nomen
795 2649 984 2688 Homero
1023 2650 1222 2697 ignotum
1258 2649 1483 2687 manserit.
1518 2648 1663 2695 Neque
1696 2646 1820 2685 nobis
1852 2647 2040 2685 fortasse

412 2722 693 2771 innotuisset,
743 2724 825 2762 nisi
873 2735 1006 2773 parva
1051 2725 1238 2773 vestigia
1277 2725 1545 2763 Teucrorum
1578 2723 1806 2761 Graeciam
1837 2722 2038 2760 invaden-

414 2797 523 2834 tium
571 2798 888 2837 remansissent
934 2800 1078 2838 media
1124 2800 1167 2838 in
1217 2799 1414 2848 Graecia,
1471 2801 1519 2837 ut
1566 2797 1832 2845 Pelagonum
1880 2807 2039 2835 nomen

412 2872 624 2910 remansit
680 2873 721 2910 in
763 2874 1073 2921 Peloponneso.
1132 2875 1180 2913 In
1239 2875 1414 2914 Locride
1469 2883 1629 2912 nomen
1678 2875 1902 2911 servatum
1952 2873 2038 2918 est,

415 2947 488 2985 sed
526 2947 587 2985 ita
626 2948 841 2986 incertum
884 2949 1202 2997 obscurumque
1244 2950 1350 2998 fuit,
1395 2950 1443 2987 ut
1475 2949 1619 2987 herois
1651 2948 1855 2995 eponymi
1888 2946 2039 2985 Teucri

413 3022 764 3069 patronymicum
797 3034 974 3071 prorsus
999 3024 1185 3063 abesset.
1205 3018 1369 3064 'Coloni
1397 3034 1498 3062 vero
1526 3024 1781 3071 Locrenses,
1807 3022 1858 3060 de
1884 3020 2040 3069 quibus
