2200 3487
427 343 505 380 126
1115 349 1167 377 DE
1201 350 1345 377 AiAcE.

482 465 757 503 Vaticinatur
790 463 1060 502 Cassandra:

778 538 877 577 ναὸν
911 537 954 576 δέ
986 553 1052 587 μοι
1084 538 1267 584 τεύξουσι
1301 537 1491 576 Δαυνίων
1523 535 1638 587 ἄκροι

778 614 944 664 Σάλπης
977 609 1066 663 παρ’
1104 611 1262 663 ὄχθαις,
1294 612 1338 651 oz'
1362 627 1401 651 τε
1434 612 1650 662 Δάρδανον
1682 611 1799 649 πόλιν

777 689 953 738 ναιόυσι,
985 688 1124 738 λίμνης
1156 686 1430 738 ἀγχιτέρμονες
1461 693 1604 726 ποτῶν.

777 770 919 814 κοῦραι
952 761 994 802 δὲ
1025 761 1270 813 παρθένειον
1303 761 1491 813 ἐκφυγεῖν
1524 761 1642 813 ζυγὸν

777 840 871 879 ὅταν
901 838 1050 878 θέλωσι
1081 838 1283 887 νυμφίους
1315 836 1561 887 ἀρνούμεναι

775 914 867 961 τοὺς
891 911 1133 964 “Εκτσρείοις
1166 911 1456 964 ἠγλαϊσμένους
1488 913 1652 962 κόμαις,

778 995 937 1041 μορφῆς
971 988 1131 1039 ἔχοντας
1164 989 1307 1036 σίφλον
1339 986 1364 1038 ἢ
1398 994 1538 1038 μῶμαρ
1570 985 1726 1039 γένους,

778 1064 874 1115 ἐμὸν
905 1064 1216 1115 περιπτύξουσιν
1249 1061 1411 1109 ὠλέναις
1444 1061 1582 1113 βρέτας

778 1139 902 1191 ἄλκαρ
935 1138 1117 1191 μέγιστον
1147 1139 1344 1188 κτώμεναι
1374 1139 1693 1188 νυμφευμάτων,

777 1213 975 1267 Ἐρινύων
1009 1213 1160 1264 ἐσθῆτα
1194 1212 1260 1252 καὶ
1292 1212 1439 1265 ῥέθους
1473 1212 1607 1263 βαφὰς

779 1290 1004 1342 πεπαμέναι
1032 1290 1220 1342 θρόνοισι
1249 1291 1579 1341 φαρμακτηρίοις.

777 1368 926 1414 κείναις
959 1365 1032 1418 ἐγὼ
1065 1365 1235 1417 δηναιὸν
1268 1364 1440 1414 ἄφθιτος
1473 1364 1550 1403 θεὰ

779 1443 1054 1495 ῥαβὸηφόροις
1088 1440 1270 1493 γυναιξὶν
1303 1440 1606 1491 αὐδηθήσομαι.

486 1523 649 1561 Sensus
699 1521 869 1559 videtur
911 1529 1008 1557 esse
1054 1518 1144 1557 hic:
1198 1517 1492 1566 „Dauniorum
1539 1517 1758 1565 principes
1806 1517 1957 1566 Salpes
2001 1518 2054 1556 ad

427 1599 547 1647 ripas
592 1597 745 1635 urbem
789 1595 1040 1633 Dardanum
1089 1604 1222 1642 prope
1264 1603 1288 1632 a
1330 1593 1426 1631 lacu
1464 1592 1718 1631 habitantes
1759 1593 1909 1630 aedem
1953 1594 2062 1631 mihi

425 1672 729 1712 aedificabunt.
773 1670 853 1708 Sed
897 1670 1089 1717 virgines
1127 1669 1399 1707 matrimonii
1428 1668 1578 1715 iugum
1613 1668 1801 1716 effugere
1835 1669 2061 1717 cupientes

425 1750 653 1787 aversatae
700 1756 871 1795 procos,
915 1746 987 1792 qui
1034 1745 1236 1783 Hectoris
1277 1754 1397 1783 more
1441 1743 1678 1782 cincinnati
1718 1746 1763 1782 at
1803 1745 1975 1782 statura
2017 1746 2060 1783 et

427 1834 583 1872 genere
640 1822 818 1860 Hectori
865 1822 1056 1868 impares
1103 1821 1208 1867 sint,
1257 1822 1440 1858 statuam
1487 1830 1625 1858 meam
1672 1820 2057 1867 amplectabumur;

425 1900 483 1938 sic
524 1899 764 1936 maximum
806 1899 950 1935 contra
991 1896 1312 1934 matrimonium
1351 1895 1428 1933 sibi
1453 1898 1654 1943 parantes
1686 1895 1908 1934 auxilium.
1944 1896 2057 1933 Furi-

428 1985 552 2013 arum
613 1973 848 2021 gestabunt
905 1974 1097 2020 vestem,
1156 1971 1355 2009 membra
1410 1971 1581 2017 tingent
1635 1971 1937 2009 medicamine.
1993 1971 2059 2009 Ab

427 2051 546 2088 hisce
605 2059 705 2087 vero
764 2047 1023 2086 mulieribus
1082 2047 1248 2094 virgam
1306 2046 1583 2094 gestantibus
1631 2046 1703 2084 diu
1749 2046 1830 2084 dea
1876 2045 2062 2085 vocabor

429 2125 742 2173 sempiterna'’.

485 2202 676 2248 Apparet
722 2199 945 2238 Diomedis
987 2199 1031 2236 in
1074 2208 1228 2247 campo
1271 2198 1383 2246 apud
1428 2197 1647 2245 Salapiam
1688 2197 1840 2236 urbem
1877 2197 2060 2245 Apuliae

422 2276 559 2314 fuisse
593 2276 807 2324 templum
841 2274 1114 2313 Cassandrae
1146 2283 1334 2312 sacrum.
1369 2273 1601 2311 Diomedes
1633 2274 1748 2311 enim
1783 2283 1879 2311 cum
1910 2273 2056 2310 mulie-

426 2351 545 2389 ribus
590 2351 791 2399 troianis,
840 2360 947 2398 quae
995 2350 1078 2388 sibi
1124 2350 1341 2396 sociisque
1389 2349 1482 2387 suis
1524 2350 1623 2396 post
1664 2348 1838 2387 Troiam
1882 2350 2058 2396 captam

426 2428 544 2464 sorte
577 2426 774 2464 addictae
807 2427 949 2474 erant,
991 2426 1073 2463 huc
1105 2425 1347 2473 appulerat,
1377 2424 1529 2462 Dauno
1557 2424 1647 2471 regi
1675 2424 1912 2472 opitulatus
1931 2425 2058 2470 atque

427 2502 470 2539 in
518 2502 685 2549 partem
733 2501 907 2548 imperii
948 2501 1157 2547 exceptus
1198 2499 1328 2537 urbes
1371 2499 1637 2537 condiderat.
1679 2499 1864 2536 Iuvenes
1902 2498 2058 2536 Daunii

430 2576 630 2614 Hectoris
663 2575 818 2614 dehinc
844 2576 885 2613 in
916 2576 1145 2622 honorem,
1174 2575 1259 2613 etsi
1287 2576 1455 2612 statura
1487 2576 1530 2613 et
1556 2584 1712 2622 genere
1739 2574 1860 2612 heroi
1888 2574 2058 2611 troiano

429 2653 578 2690 essent
624 2651 833 2698 impares,
883 2651 1038 2698 longos
1086 2650 1317 2688 demittere
1375 2649 1576 2688 solebant
1623 2649 1801 2697 capillos
1849 2651 1902 2693 (X
1942 2647 2056 2694 401).

429 2726 630 2774 Virgines
687 2726 852 2772 autem,
902 2726 1114 2773 quotquot
1160 2725 1494 2763 matrimonium
1542 2724 1826 2772 respuebant,
1876 2723 2055 2762 Cassan-

430 2803 530 2840 drae
574 2801 616 2839 in
664 2800 878 2847 ternplum
921 2800 1141 2847 fugientes
1184 2800 1412 2838 Furiarum
1455 2800 1617 2838 vestitu
1660 2799 1846 2837 amictae
1880 2809 2059 2847 corpora

432 2877 720 2916 medicamine
762 2878 925 2914 tinctae
968 2877 1137 2924 virgam
1177 2886 1312 2914 manu
1345 2876 1547 2914 tenentes
1580 2875 1684 2912 deae
1717 2873 1933 2922 supplices
1965 2873 2058 2912 fieri

432 2954 562 3000 atque
595 2962 774 2990 manere
805 2951 1016 2990 solebant.

491 3028 708 3065 Mittimus
757 3027 1100 3075 controversias,
1149 3037 1258 3074 quae
1305 3026 1373 3064 his
1415 3026 1466 3064 de
1499 3025 1695 3063 versibus
1727 3026 1841 3063 inter
1873 3025 2060 3063 editores
