2141 3487
766 341 819 369 DE
851 341 997 369 ΑΙΑΟΕ.
1645 333 1699 370 33

74 459 249 506 habuit;
277 459 471 505 quinimo
499 457 731 496 infeliciter
760 457 849 496 fere
871 467 895 495 a
919 458 1048 505 pocta
1080 458 1280 494 vocatam
1309 467 1407 495 eam
1436 467 1532 496 esse
1550 458 1703 497 Miner-

72 546 172 574 vam
214 535 392 582 dixeris,
430 545 535 573 nam
568 535 606 572 si
639 534 807 582 aptiore
842 534 1020 572 nomine
1053 544 1109 571 ex
1142 533 1358 581 Olympiis
1386 533 1523 581 petito
1551 533 1704 572 Troiae

72 612 197 650 deam
225 610 458 649 tutelarem
483 610 704 658 appellare
732 610 967 658 voluisset,
995 619 1237 657 quamnam
1256 610 1383 648 deam
1402 610 1561 648 melius
1579 610 1705 648 iuxta

72 687 319 735 Apollinem
353 687 396 723 in
429 696 526 725 arce
560 686 781 734 posuisset
815 696 945 733 quam
973 686 1173 724 Dianam.
1204 685 1322 733 Quod
1348 696 1501 724 revera
1526 688 1704 734 poetam

72 773 157 801 non
189 762 320 811 fugit,
355 772 459 801 nam
493 762 564 801 ubi
598 762 755 810 Apollo
788 763 985 801 Aeneam

757 836 986 889 ἀπάτερθεν
1019 835 1160 887 ὁμίλου
1190 833 1335 888 ’θῆκεν

195 914 393 969 Περγάμῳ
427 913 468 952 ἐν
502 914 606 968 ἱερῇ,
635 913 705 953 ὅθι
736 916 807 953 foc
840 918 941 960 (non
975 915 1212 959 Minervae)
1247 913 1340 963 νηός
1371 909 1402 965 γ’
1437 911 1633 965 ἐτέτυκτο,

194 985 219 1041 ἦ
252 1005 311 1029 τοι
343 990 411 1029 τὸν
445 990 565 1041 Λητώ
598 1005 636 1029 τε
668 990 736 1028 καὶ
759 989 939 1041 ’Ἀρτεμις
972 988 1150 1040 ἰοχέαιρα

195 1065 237 1104 ἐν
269 1066 422 1121 μεγάλῳ
455 1065 588 1122 ἀδύτῳ
621 1065 787 1105 ἀκέοντό
821 1081 859 1105 τε
886 1063 1103 1105 ’κύδαινόν
1135 1080 1185 1104 τε.
1218 1067 1270 1111 (Ε
1302 1068 1388 1105 446
1420 1071 1543 1115 sqq.).

131 1142 212 1181 Illa
257 1144 406 1201 autem
455 1143 554 1192 dea,
603 1143 671 1181 cui
719 1143 878 1181 Aiaces
918 1143 1087 1181 invisos
1128 1142 1265 1181 fuisse
1307 1143 1490 1192 dixeris,
1524 1143 1708 1183 minime

71 1220 166 1257 erat
206 1218 409 1267 Pergami
450 1220 654 1271 patrona,
696 1219 771 1257 sed
805 1218 998 1267 ipsorum
1034 1218 1298 1256 Graecorum
1332 1218 1546 1267 defensor,
1581 1219 1709 1270 κούρη

75 1293 171 1341 Διὸς
203 1294 413 1346 αἰγιόχοιο.
446 1295 540 1334 Non
573 1291 597 1344 ἡ
632 1293 862 1347 ρυσίπτολις
895 1295 971 1333 sed
1003 1291 1027 1344 ἡ
1062 1293 1374 1344 Άλαλκομενηίς.

132 1372 190 1410 At
220 1372 310 1411 fors
341 1372 445 1410 tulit
477 1374 526 1411 ut
557 1368 581 1421 ἡ
609 1370 836 1422 ῥυσίπτολις
864 1382 1034 1419 quoque
1062 1372 1294 1410 vocaretur
1320 1372 1484 1420 Ἀθηνᾶ,
1514 1370 1709 1418 quinimo

77 1446 238 1493 Παλλὰς
281 1447 447 1497 Ἀθήνη.
491 1448 560 1487 Sic
602 1463 626 1485 α
659 1449 743 1487 3:26
778 1459 887 1497 sqq.,
921 1449 994 1487 ubi
1028 1449 1189 1486 iterum
1223 1448 1288 1485 ira
1318 1449 1595 1486 memoratur
1626 1458 1711 1495 qua

74 1523 153 1562 dea
185 1523 302 1562 victa
333 1523 521 1563 victores
554 1524 767 1563 abeuntes
800 1524 1045 1573 lacessivit,
1082 1524 1201 1562 hisee
1234 1523 1380 1561 verbis
1407 1523 1544 1561 utitur
1560 1525 1710 1571 poeta:

639 1597 659 1638 ὃ
692 1596 728 1638 δ’
765 1600 1004 1645 (Phemius)
1036 1604 1199 1650 Ἀχαιῶν
1231 1598 1377 1637 νόστον
1409 1596 1517 1636 ἄειδε

315 1675 475 1727 λυγρὸν,
512 1672 559 1713 ὃν
592 1673 632 1713 ἐκ
669 1675 815 1726 Τροίης
849 1673 1069 1713 ἐπετείλατο
1102 1673 1265 1721 Παλλὰς
1296 1673 1460 1725 Ἀθήνη.

136 1751 254 1790 Haec
285 1751 551 1800 peculiarem
579 1761 760 1790 causam
786 1761 873 1790 non
900 1751 1108 1799 habebat,
1138 1761 1214 1789 cur
1240 1751 1552 1790 vehementius
1579 1762 1709 1799 quam

78 1827 123 1865 in
171 1829 339 1866 eeteros
382 1827 583 1866 Achaeos
631 1827 823 1866 saeviret
869 1827 912 1865 in
960 1827 1154 1866 Aiacem.
1203 1826 1318 1865 Audi
1364 1827 1494 1865 modo
1536 1829 1711 1875 poetam

78 1903 100 1941 ὃ
134 1905 217 1942 502
250 1915 365 1952 sqq.:
403 1906 638 1953 „mortem,
673 1914 758 1952 qua
785 1905 852 1943 tot
879 1903 1004 1942 milia
1030 1904 1075 1942 in
1099 1903 1211 1942 mari
1238 1902 1448 1952 perirent,
1480 1903 1712 1951 effugisset

78 1980 225 2029 heros,
259 1980 345 2019 nisi
377 1981 656 2020 contumacia
688 1991 769 2019 sua
799 1981 912 2019 iram
944 1981 1147 2029 Neptuno
1175 1979 1414 2018 movisset:

315 2054 380 2094 καὶ
415 2056 463 2095 νύ
496 2071 564 2095 κεν
598 2055 748 2108 ἔκφυγε
780 2061 884 2107 κῆρα

316 2131 351 2170 εἰ
381 2130 433 2182 μὴ
467 2131 717 2183 ὑπερφίαλον
749 2129 876 2177 ,Ρέπος
909 2129 1051 2182 ἔκβαλε
1082 2128 1149 2168 καὶ
1181 2126 1258 2182 μέγ’
1297 2128 1445 2180 ἀάσθη·

313 2203 388 2258 ’φῆ
422 2205 460 2259 ῥ’
496 2206 662 2258 ἀαῑέκητι
692 2211 802 2246 θεῶν
841 2205 1021 2259 φυγέμεν
1054 2204 1153 2258 μέγα
1184 2208 1328 2256 λαῖτμα
1359 2205 1580 2256 θαλάσσης.

317 2289 387 2322 τοῦ
421 2281 463 2322 δὲ
495 2283 734 2323 Ποσειδάων
767 2279 897 2335 μεγάλ’
933 2282 1072 2322 ἔκλυεν
1105 2281 1372 2332 αὐδήσαντος·

317 2355 441 2398 αὐτίκ’
478 2358 610 2398 ἔπειτα
641 2359 826 2411 τρίαιναν
859 2357 958 2398 ἑλών
990 2374 1024 2397 κ.
1059 2373 1089 2397 τ.
1120 2359 1183 2396 λ.”

138 2435 247 2474 Cum
259 2446 362 2475 vero
374 2436 577 2484 Pergami
591 2437 670 2475 dea
680 2436 896 2485 tutelaris,
911 2435 1107 2474 Minerva
1120 2434 1350 2484 appellata,
1363 2444 1387 2473 a
1398 2434 1713 2482 posterioribus

79 2512 219 2559 poetis
229 2522 305 2560 pro
318 2521 405 2550 una
416 2512 655 2559 eademque
667 2512 901 2551 haberetur
914 2522 963 2550 ac
979 2511 1174 2550 Minerva
1185 2510 1273 2560 illa,
1289 2520 1399 2558 quae
1412 2520 1437 2548 a
1449 2510 1714 2550 Graecorum

80 2586 276 2635 partibus
302 2588 459 2636 staret,
490 2588 589 2635 post
615 2597 680 2625 vs.
713 2587 822 2625 502oe
838 2587 937 2625 addi
953 2587 1129 2635 poterat
1147 2583 1213 2623 καὶ
1231 2583 1447 2637 ἐχθόμενός
1464 2599 1536 2637 περ
1552 2585 1715 2640 Ἀθήνῃ.

142 2663 258 2712 Quae
299 2663 434 2701 verba
470 2663 654 2701 minime
688 2664 892 2710 spectant
924 2662 1069 2701 scelus
1101 2662 1153 2700 ab
1187 2662 1319 2700 Aiace
1350 2661 1591 2700 secundum
1623 2672 1716 2710 pos-

81 2739 199 2777 teros
235 2739 279 2776 in
313 2738 606 2777 Cassandram
640 2738 946 2777 commissum.
982 2738 1100 2786 Quod
1132 2739 1170 2776 si
1202 2738 1299 2786 quis
1329 2739 1479 2786 negat,
1513 2738 1716 2786 inspiciat

82 2813 212 2853 modo
241 2815 278 2850 E
313 2814 393 2853 107
429 2824 550 2861 sqqu:

681 2887 828 2943 δεκάτῳ
863 2885 906 2926 δὲ
935 2887 1053 2926 πόλιν
1084 2886 1300 2940 πέρσαντες
1333 2887 1483 2939 ἔβησαν

317 2960 494 3003 Ἑοίκαδ’·
527 2961 625 3015 ἀτὰρ
658 2962 700 3002 έν
732 2963 860 3018 νόστῳ
894 2963 1113 3014 Ἀθηναίην
1145 2962 1345 3013 ἀλίτοντο,

319 3039 344 3090 ἥ
378 3050 475 3090 σφιν
506 3036 649 3092 ἔπῶρσ’
687 3038 838 3090 ἄνεμόν
869 3053 908 3077 τε
939 3038 1065 3078 κακὸν
1096 3038 1164 3078 καὶ
1195 3040 1351 3090 κύματα
1384 3039 1527 3091 μακρά.

158 3109 347 3138 Viin‘rnmu.
1589 3110 1606 3136 3
