2141 3487
809 311 862 338 DE
895 311 1092 339 CAnnms.
1684 306 1763 343 175

143 435 252 473 quae
284 435 532 474 perperam,
569 427 615 462 ut
649 425 814 473 opinor,
854 424 1080 471 hucusque
1115 434 1195 462 av.
1216 424 1254 463 d.
1285 426 1352 462 est
1377 425 1613 473 explicata:
1647 426 1765 478 „olym

142 500 233 549 τῆς·
269 498 289 538 ὁ
322 498 559 549 ίερωμένος’
595 498 744 549 ἄτιμος.
779 498 820 538 ἐν
853 496 895 537 δὲ
926 502 1007 545 τοῖς
1037 499 1249 548 Καρνείοις
1276 497 1295 537 ὁ
1324 498 1536 550 ἵερωμένος
1563 506 1630 551 τῆς
1657 505 1768 540 θεοῦ.

143 572 210 612 καὶ
241 572 265 624 ἡ
297 573 410 624 ἑορτὴ
446 574 687 626 Ἀγητόρια”.
732 575 863 614 Cuius
895 575 1066 622 glossae
1100 574 1259 613 ultima
1286 574 1417 614 verba
1443 590 1475 613 κ,
1504 572 1529 625 ἡ
1557 574 1583 614 ἕ.
1614 579 1660 614 Ἀ.
1689 579 1770 616 viri

142 650 256 689 docti
287 651 339 688 ad
374 661 507 688 unum
544 661 698 690 omnes
733 650 1055 689 transtulerunt
1088 651 1140 688 ad
1171 649 1386 698 glossam:
1424 648 1607 701 „olyvjtoep
1642 649 1660 689 ὁ
1693 659 1770 690 τῶν

147 726 375 776 Ἀφροδίτης
412 729 575 776 θυηλῶν
608 724 830 777 ἡγούμενος
862 725 988 776 ἱερεὺς
1023 725 1062 763 ἐν
1100 726 1298 778 Κύπρῳ”;
1331 736 1497 765 necnon
1531 731 1772 775 sequuntur

143 802 377 840 Meursium
437 807 504 852 τῆς
562 805 663 839 θεοῦ
711 804 958 841 mutantem
1009 803 1051 840 in
1100 807 1169 839 τοῦ
1217 804 1337 846 θεοῦς
1383 805 1478 840 tum
1525 803 1768 851 explicant:

145 875 191 926 »ὁ
225 876 436 926 ιἐρωμένος
469 883 538 915 τοῦ
573 880 672 916 θεοῦ
706 881 774 916 est
805 877 1019 926 Apollinis
1052 878 1300 916 sacerdos.’'

202 955 257 992 At
291 964 388 992 cum
422 965 444 992 e
476 953 642 992 scholio
675 954 727 992 ad
761 953 939 991 Theocr.
980 953 1022 1001 V,
1059 954 1113 992 83
1148 955 1354 1002 appareat
1386 954 1620 993 Dorienses
1654 955 1769 994 Pelo-

140 1040 384 1079 ponnesum
426 1040 523 1068 esse
565 1030 789 1077 ingressos
829 1029 1010 1067 ducibus
1051 1029 1253 1077 Apolline
1296 1032 1340 1068 et
1381 1030 1482 1068 Iove
1522 1030 1773 1080 Ἀγήτορι,

139 1106 314 1153 iniuria,
346 1107 464 1154 puto,
495 1115 653 1144 nomen
681 1105 783 1144 festi
813 1105 1009 1154 Ἀγητόρια
1033 1128 1081 1132 -
1102 1115 1233 1153 quam
1252 1103 1391 1154 ἑορτήν
1408 1105 1641 1145 Dorienses
1659 1107 1771 1145 coni-

140 1182 362 1230 ungebant
405 1192 502 1220 cum
548 1181 725 1221 Garneis
770 1204 820 1209 -
865 1181 957 1220 loco
990 1192 1068 1220 suo
1101 1183 1335 1220 moverunt
1367 1182 1574 1221 hodierni.
1607 1182 1771 1222 Deinde

138 1258 271 1297 velim
299 1258 538 1306 explicent,
567 1259 640 1305 qui
656 1258 862 1296 sacerdos
881 1257 1025 1296 vocari
1043 1257 1181 1305 possit
1199 1255 1334 1304 ἄτιμος
1359 1254 1400 1302 1).
1424 1257 1657 1297 Videamus
1676 1259 1771 1307 ipsi.

201 1332 307 1382 Quid
350 1334 417 1372 est
452 1332 675 1382 ἱερῶσθαιῗ)
708 1332 907 1381 Explicat
939 1332 1080 1372 Schol.
1115 1333 1168 1371 ad
1202 1333 1334 1372 Thuc.
1369 1333 1418 1382 V,
1458 1334 1502 1371 1:
1537 1333 1642 1384 ἱερὸν
1675 1333 1772 1371 ἀνα-

139 1412 297 1447 κεῖσθαι
342 1415 391 1462 τῷ
436 1412 539 1461 θεῷ;
584 1409 697 1447 unde
741 1408 850 1447 effici
891 1408 992 1447 licet
1032 1407 1099 1447 τὸν
1141 1406 1356 1458 ἱερωμένον
1398 1420 1496 1449 esse
1536 1409 1643 1459 ἱερὸν
1676 1409 1772 1448 ἀνά-

140 1488 253 1535 θημα
287 1490 356 1523 τοῦ
390 1488 509 1533 θεοῦ,
543 1484 663 1523 illum
699 1484 834 1532 igitur
867 1484 990 1523 cuius
1023 1485 1114 1523 vita
1146 1485 1317 1523 numini
1350 1485 1594 1525 habebatur
1627 1497 1773 1537 sacra,

142 1562 363 1601 hominem
409 1560 697 1610 piacularem,
741 1560 894 1608 quales
926 1560 1105 1600 fuerunt
1137 1559 1344 1610 φαρμακοὶ
1378 1561 1419 1599 οἵ
1447 1559 1489 1599 ἐν
1526 1562 1776 1614 Θαργηλίοις.

142 1638 224 1677 Sed
265 1638 381 1676 idem
426 1639 493 1676 est
536 1635 692 1685 ἄτιμος,
733 1638 884 1685 utpote
918 1637 1091 1676 crimini
1125 1647 1229 1676 vero
1264 1637 1332 1676 vel
1364 1636 1464 1676 ficto
1498 1638 1671 1676 cuidam
1708 1639 1776 1677 ob-

139 1713 312 1753 noxius.
363 1712 502 1761 Quare
544 1712 746 1760 suspicor
786 1712 931 1762 illum,
975 1714 1048 1760 qui
1088 1713 1132 1751 in
1165 1714 1390 1760 Agetoriis
1427 1713 1677 1752 sustinebat
1711 1719 1782 1752 τοῦ

132 1786 333 1828 Ἱππότου
375 1795 445 1827 τοῦ
485 1794 562 1827 τῶν
597 1786 785 1837 Δωριέων
816 1785 1014 1839 ἡγεμόνος
1046 1790 1212 1837 partes,
1247 1789 1319 1836 qui
1351 1789 1403 1828 Ob
1438 1788 1567 1828 Carni
1599 1790 1775 1829 Caedem

142 1864 274 1917 φυγὰς
315 1864 453 1915 ἄτιμος
496 1863 673 1914 ἐξηλάθη
712 1868 780 1914 τῆς
813 1863 961 1914 χώρας,
993 1874 1018 1903 a
1049 1863 1336 1903 Doriensibus
1368 1874 1473 1903 voce
1505 1865 1652 1903 dorica
1683 1875 1780 1903 esse

143 1942 411 1991 appellatum
432 1941 499 1980 τὸν
518 1940 669 1993 ἀγητήν
687 1939 730 1985 2).
750 1940 935 1981 Cuinam
951 1942 1101 1979 autem
1119 1940 1291 1978 numini
1309 1950 1432 1978 sacer
1461 1941 1586 1979 erat?
1617 1940 1778 1989 „Nimi-

140 2027 239 2056 rum
267 2017 528 2066 Apollini!'',
559 2016 782 2056 exclamat
809 2016 1043 2065 Meursius‚
1077 2015 1350 2064 „scribamus
1378 2015 1513 2063 igitur
1541 2020 1609 2053 τοῦ
1637 2016 1782 2052 θεοῦ”.

143 2093 341 2142 Speciem
373 2093 523 2142 habet,
557 2103 643 2132 non
676 2103 811 2141 neg03
846 2092 921 2130 sed
956 2101 1055 2129 curn
1089 2091 1293 2130 recordor
1325 2089 1370 2128 τὰ
1404 2090 1582 2141 Κάρνεια
1610 2091 1784 2139 proprie

143 2179 241 2208 esse
286 2169 439 2208 ludum
488 2174 565 2206 τῶν
612 2168 874 2218 κερασφόρων
918 2170 1046 2210 θεῶν,
1090 2167 1171 2205 sub
1216 2166 1455 2214 plenilunio
1498 2167 1664 2215 actum,
1708 2166 1781 2204 ubi

143 2245 266 2283 Luna
307 2245 608 2293 resplendens,
655 2244 828 2282 cuinam
874 2243 1105 2291 praecipue
1145 2242 1336 2280 honores
1369 2241 1643 2289 deberentur,
1677 2241 1785 2280 nulli

145 2329 230 2358 non
273 2320 317 2357 in
360 2322 555 2358 mentem
594 2321 842 2368 revocaret,
877 2319 948 2356 ubi
982 2318 1156 2366 Apollo,
1192 2319 1239 2356 ut
1271 2318 1330 2355 ita
1363 2317 1525 2364 dicam,
1559 2317 1782 2355 recederet

144 2395 189 2433 in
221 2395 444 2444 umbram,
481 2395 681 2442 equidem
715 2395 1065 2433 coniecturarum
1100 2394 1142 2431 in
1176 2393 1304 2431 rebus
1338 2395 1430 2431 tam
1459 2393 1622 2440 ignotis
1649 2394 1780 2439 atque

144 2472 341 2510 obscuris
398 2472 582 2510 minime
639 2470 998 2519 amantissimus,
1058 2479 1213 2517 rogare
1270 2468 1425 2516 velim,
1476 2478 1621 2507 annon
1670 2468 1781 2506 forte

145 2549 330 2597 populus
364 2548 531 2586 verbis:
569 2544 615 2596 „5
648 2545 859 2602 ίςρωμέυος
892 2552 959 2596 τῆς
991 2547 1123 2584 θεοῦ”
1155 2547 1332 2585 brevius
1359 2544 1616 2594 significarit
1645 2546 1778 2584 homi-

145 2634 264 2672 nem,
300 2624 372 2671 qui
403 2624 447 2661 in
481 2623 671 2661 Hecates
703 2620 818 2676 ἑορτῇ
850 2623 1070 2670 Hippotae
1103 2623 1237 2661 ferret
1268 2631 1502 2670 personam
1527 2618 1569 2666 ³).

189 2775 214 2813 ¹)
239 2776 450 2808 Carneorum
475 2778 637 2807 sacerdos
661 2778 695 2807 in
719 2778 807 2807 Inss.
833 2787 971 2816 semper
995 2777 1171 2807 indicatur
1197 2778 1334 2808 nomine
1360 2780 1462 2818 ἱερεύς.

192 2835 220 2878 ²)
245 2838 296 2868 Cf.
332 2840 410 2873 Ζεὺς
445 2841 579 2879 Ἀγήτωρ
615 2839 777 2877 Spartae3
814 2839 947 2868 Usener
981 2838 1043 2868 Rh.
1079 2839 1123 2868 M.
1159 2839 1242 2868 LIII
1275 2847 1306 2876 p.
1340 2839 1403 2867 359
1437 2846 1487 2875 sq.
1519 2837 1617 2866 Nunc
1643 2845 1780 2874 quoque

147 2900 283 2930 Nilsson
312 2900 451 2936 „diesen
476 2902 602 2938 Agetor
626 2900 751 2930 dachte
775 2908 854 2929 man
880 2899 954 2928 sich
975 2899 1053 2929 dem
1073 2897 1330 2929 ausziehenden
1350 2899 1463 2928 Heere
1476 2896 1782 2927 voranschreitend

147 2959 211 2991 wie
236 2961 297 2991 der
320 2961 551 2991 Leithammel
577 2961 637 2991 der
662 2961 812 2999 Herde'',
836 2969 891 2998 pg.
920 2961 993 2989 123.

193 3019 219 3059 ³)
245 3022 374 3052 Usener
398 3023 418 3051 l.
440 3023 460 3051 l.
492 3022 668 3060 cogitabat
691 3022 733 3051 de
758 3019 978 3059 Proserpina.
1003 3020 1152 3057 Nilsson,
1176 3029 1209 3058 p.
1237 3016 1326 3049 121².
