2141 3487
805 314 858 342 DE
891 314 1035 341 ArAcn.
1678 304 1729 340 87

100 432 142 469 in
178 430 328 479 clypeo
360 430 488 478 gerit,
523 428 700 467 indicat.
736 427 822 466 Nec
851 427 1012 465 iniuria
1039 426 1123 464 huc
1150 425 1373 474 attuleris,
1404 436 1513 473 quae
1542 426 1735 464 minatus

100 508 168 545 &St
205 507 317 544 Aiax
353 502 594 555 „He'oyocfflov
626 499 706 540 κατ’
743 500 872 553 ἄκραν
904 501 1126 551 αἱρήσειν”.
1159 501 1429 540 Offendimus
1462 502 1598 540 etiam
1631 501 1732 540 Her-

100 582 243 621 culem
276 581 546 628 Scapaneum
582 579 797 626 quendam
832 578 943 627 apud
978 577 1188 626 Lycophr.
1224 576 1348 615 Alex.
1385 577 1492 615 652:

483 660 552 693 τοῦ
586 652 886 706 στερφοπέπλου
921 651 1168 698 Σκαπανέως
1203 651 1404 703 Βοαγίδα,

94 731 163 770 ubi
191 732 454 771 scholiasta:
489 730 764 780 „onanav5133‚
791 729 849 768 ὅτι
877 728 1068 777 διέσκαψε
1087 728 1154 775 τὰς
1173 728 1348 779 κάπρους
1366 733 1444 766 τῶν
1461 732 1530 766 τοῦ
1554 726 1730 778 Αὐγείου

93 808 242 858 βοῶν”.
270 807 368 846 Iure
406 810 554 846 autem
591 807 759 846 monuit
789 806 1044 854 Holzinger:
1079 806 1183 854 „den
1214 805 1453 844 Beinamen
1480 803 1731 852 Scapaneus

92 883 256 921 konnte
300 892 399 921 man
442 882 663 920 vielleicht
696 882 777 920 mit
809 880 1030 920 besserem
1065 880 1229 919 Rechte
1261 880 1337 918 auf
1365 879 1432 917 die
1465 878 1732 926 Zerstorung

91 959 256 1006 Troja’s
285 958 508 1007 beziehen,
540 968 589 996 so
616 957 718 996 dass
746 957 1010 1005 Lykophron
1039 956 1121 994 mit
1149 966 1212 994 vs.
1245 954 1380 994 1348:
1409 953 1577 1004 λίστροις
1605 952 1730 991 αἰπὺν

91 1032 254 1084 ἤρειψεν
282 1034 424 1084 πάγον,
455 1032 593 1071 selbst
620 1032 686 1071 die
714 1032 957 1079 Erklarung
984 1031 1059 1069 des
1090 1031 1347 1079 Epithetons
1365 1029 1518 1068 liefern
1535 1029 1728 1067 wurde.'’

150 1110 304 1158 Agitur
361 1110 411 1148 de
469 1108 657 1147 Hercule
705 1107 858 1155 Trojae
905 1108 1193 1146 fundamenta
1240 1106 1524 1152 suffodiente;
1581 1105 1729 1153 quidni

92 1186 238 1224 autem
281 1185 394 1223 idem
438 1185 488 1223 de
530 1185 660 1222 Aiace
708 1184 793 1222 dici
841 1183 998 1231 possit,
1046 1185 1090 1221 ut
1135 1184 1177 1221 et
1219 1182 1288 1220 hic
1327 1191 1486 1220 nomen
1520 1180 1729 1228 Scapanei

97 1260 253 1299 mereri
287 1260 517 1298 videatur?

152 1336 278 1375 Unde
310 1336 449 1374 denuo
482 1336 661 1384 apparet
694 1336 857 1382 quanta
889 1333 1131 1373 similitudo
1165 1334 1278 1372 inter
1307 1331 1556 1381 Capaneum
1585 1332 1729 1380 gigan-

94 1413 183 1450 tem
218 1413 261 1449 et
297 1412 474 1450 Aiacem
509 1411 762 1449 intercedat.

152 1488 328 1526 Praeter
355 1485 426 1536 τὴν
454 1486 586 1537 ὕβριν,
621 1497 731 1534 quae
764 1486 1018 1534 gigantibus
1050 1487 1118 1524 est
1150 1485 1342 1534 propria,
1374 1484 1456 1523 alia
1476 1495 1643 1532 quoque
1661 1495 1731 1523 res

92 1565 133 1601 in
164 1563 226 1601 eis
259 1562 451 1601 notanda
481 1563 567 1611 est,
603 1572 760 1610 nempe
792 1558 815 1611 ἡ
850 1562 1095 1612 μαχλοσύνη.

152 1638 417 1677 Praesertim
450 1641 493 1676 in
527 1638 631 1677 deas
663 1638 886 1677 libidinem
925 1648 1052 1677 suam
1087 1648 1291 1677 exercere
1324 1638 1562 1675 conantur:

538 1713 602 1751 illi
636 1713 870 1761 aggeribus
903 1715 1122 1762 temptare
1154 1712 1353 1762 superbis

332 1789 511 1828 aethera
544 1791 587 1827 et
620 1789 696 1827 ah!
734 1791 900 1828 matres
933 1790 1028 1827 ausi
1062 1790 1301 1827 attrectare
1334 1789 1537 1835 deorum;

95 1865 162 1904 vel
196 1867 242 1904 ut
276 1865 528 1904 Claudiania
560 1865 793 1903 laudemus
827 1864 1014 1913 (Gigant.
1050 1864 1106 1902 40
1140 1867 1242 1911 sq.):

330 1941 398 1979 hic
429 1941 511 1979 sibi
543 1940 764 1989 promittit
796 1940 1011 1979 Venerem
1043 1941 1274 1988 speratque
1306 1939 1470 1978 Dianae

332 2016 581 2065 coniugium
612 2019 849 2063 castamque
881 2016 990 2064 cupit
1021 2016 1172 2054 violare
1204 2015 1450 2054 Minervam.

154 2093 305 2131 Nonne
351 2092 458 2131 haec
505 2092 722 2139 quadrant
768 2092 811 2130 in
859 2092 1060 2142 Aiacem,
1109 2101 1251 2130 nonne
1294 2091 1337 2128 in
1382 2101 1431 2129 eo
1472 2101 1641 2139 quoque
1673 2091 1725 2130 ab

95 2168 228 2217 epicis
273 2167 414 2216 poetis
461 2168 734 2215 vituperatur
780 2167 945 2206 libido?
987 2167 1254 2206 Attrectavit
1296 2168 1464 2205 castam
1508 2166 1727 2206 Minervae

95 2243 336 2291 supplicem
377 2241 694 2281 Cassandram:
743 2243 1042 2294 „Kcmcoivdqav
1084 2240 1126 2280 δὲ
1158 2242 1261 2288 Αἴας
1296 2239 1314 2280 ὅ
1342 2238 1469 2288 Ἰλέως
1502 2243 1594 2288 (sic)
1627 2241 1726 2292 πρὸς

94 2317 188 2368 βίαν
220 2315 413 2355 ἀποσπῶν
445 2316 726 2366 συνεφέλκεται
751 2318 793 2356 τὸ
821 2324 888 2369 τῆς
917 2321 1088 2369 Ἀθηνᾶς
1117 2318 1304 2366 ξόανον”.
1334 2320 1402 2358 Ita
1427 2319 1641 2358 traditum
1660 2321 1728 2358 est

93 2394 137 2432 in
170 2393 358 2432 Perside.
393 2393 497 2431 Fere
530 2393 691 2432 dixeris
724 2391 882 2448 ipsam[
900 2395 1141 2434 Minervam
1175 2405 1272 2434 eum
1308 2396 1584 2434 attrectasse.
1621 2394 1727 2443 Quid

97 2469 259 2507 mirum
291 2468 516 2507 inimicam
549 2469 872 2517 implacabilem
905 2471 1085 2510 Aiacem
1120 2471 1203 2509 sibi
1235 2471 1458 2510 invenisse
1487 2471 1727 2509 Minervam

96 2542 168 2593 τὴν
200 2541 570 2594 γιγαντολέτειρανὶ)

157 2620 250 2658 Iam
283 2622 588 2669 computemus
621 2631 729 2668 quae
763 2621 814 2660 de
845 2622 978 2661 Aiace
1012 2645 1064 2648 —
1101 2623 1126 2662 i.
1162 2633 1197 2662 e.
1232 2623 1283 2661 de
1316 2621 1626 2671 antiquissimo
1655 2621 1728 2660 illo

97 2695 312 2743 Locrensi,
341 2705 363 2734 e
391 2705 473 2742 quo
502 2698 593 2734 tam
622 2696 839 2735 minorem
866 2707 998 2744 quam
1026 2699 1241 2737 maiorem
1260 2698 1437 2737 heroem
1457 2698 1727 2737 homericum

97 2770 352 2819 provenisse
384 2781 516 2819 supra
548 2771 689 2810 fusius
721 2773 902 2820 probare
936 2774 1081 2812 conati
1113 2784 1269 2813 sumus
1304 2798 1355 2802 -—
1390 2776 1664 2814 invenimus:

159 2841 214 2884 1⁰.
248 2847 380 2884 natus
407 2848 474 2884 est
501 2847 668 2894 Naryce
695 2858 828 2896 prope
855 2849 1023 2887 fontem
1051 2850 1096 2887 in
1123 2850 1317 2899 Locride,
1347 2851 1488 2899 patria
1506 2850 1727 2898 Lelegum.

160 2916 217 2960 2⁰.
251 2923 439 2961 matrem
473 2923 625 2961 habuit
652 2924 904 2962 Periboeam
933 2924 1167 2973 Gigantum
1195 2927 1310 2974 regis
1334 2925 1488 2976 filiam,
1521 2927 1730 2975 Scapanei

252 2999 394 3038 herois
427 3000 678 3047 gigantibus
710 3010 919 3048 perquam
953 3001 1112 3040 similis
1144 3012 1354 3041 sororem.
