2200 3487
452 333 471 369 1
480 333 533 370 66
1119 343 1172 370 DE
1206 343 1402 371 CARNffls.

506 458 696 496 Exstant
727 458 839 506 apud
871 457 1205 506 lexicographos
1238 458 1318 496 hae
1350 457 1544 506 glossae:

624 533 810 583 καρανώ·
844 527 915 583 τῆν
948 529 1040 584 αἶγα
1075 536 1236 583 Κρῆτες.

624 608 725 656 κάρα
805 620 810 626 ·
845 608 908 654 αἴξ
942 608 1086 658 ’ἥμερος
1124 608 1408 657 Πολυρρήνιοι.

624 684 768 733 κάρνος
803 695 809 702 ·
845 683 1059 734 πρόβατον,

626 759 746 808 καρός
805 758 1038 809 ’βόσκημα1

624 835 698 884 κάρ
802 846 808 853 ·
841 834 1056 885 πρόβατον.

448 910 512 948 Ab
553 910 635 948 hac
675 911 820 949 radice
862 925 980 960 καρ-ν
1023 910 1091 955 (cf.
1126 921 1311 958 cor—n-u;
1355 909 1396 949 τὸ
1439 908 1703 961 κάρνονεὸ
1735 910 1905 961 κάρνυξ,
1941 920 2075 949 cornu

449 985 687 1024 Gallorum.
722 986 862 1025 Schol.
897 987 935 1022 Σ
966 986 1064 1030 211)
1097 985 1291 1035 plerique
1318 985 1472 1025 Carnei
1498 996 1658 1024 nomen
1685 986 1906 1034 derivant,
1938 994 2076 1032 neque

447 1060 584 1099 habeo
632 1061 744 1108 quod
792 1061 846 1099 iis
893 1061 1114 1110 obiiciam,
1160 1061 1245 1100 nisi
1287 1062 1401 1110 quod
1442 1062 1549 1101 illud
1590 1071 1750 1100 nomen
1782 1062 1984 1109 minime,
2026 1063 2075 1099 ut

447 1136 510 1174 illi
541 1136 756 1185 fecerunt,
791 1137 1167 1185 interpretandum
1201 1138 1308 1176 duco
1340 1136 1406 1175 τὸν
1439 1143 1516 1175 τῶν
1548 1137 1706 1187 κάρνων
1738 1138 1833 1176 sive
1863 1136 2074 1187 προβάτων

448 1211 558 1259 θεόν,
586 1213 661 1250 sed
691 1213 815 1250 deum
846 1211 1095 1261 Cornutum,
1123 1213 1149 1251 i.
1169 1223 1204 1252 e.
1225 1214 1416 1252 omnium
1444 1214 1769 1261 cornigerorum
1792 1212 2070 1262 animalium,

445 1288 538 1324 tam
570 1287 701 1325 boum
734 1298 866 1335 quam
902 1288 1161 1337 bidentium,
1196 1291 1444 1336 patronum.
1485 1288 1620 1337 Quem
1653 1289 1802 1336 deum,
1835 1298 1911 1336 pro
1943 1287 2074 1336 prisci

446 1364 761 1402 consuetudine
789 1364 1018 1412 temp01iS‚
1048 1374 1133 1402 non
1161 1364 1304 1412 specie
1328 1364 1739 1402 humanaindutum
1769 1364 1844 1402 sed
1871 1363 2077 1402 animalis

445 1438 691 1485 praeditum
720 1438 865 1476 forma
892 1438 975 1476 sibi
999 1439 1297 1477 informabant
1324 1439 1491 1486 antiqui
1517 1439 1737 1487 homines,
1769 1449 1803 1477 e.
1823 1449 1862 1486 g.
1890 1438 2071 1488 κριόμορ-

447 1526 541 1560 (pov,
571 1513 713 1559 qualis
747 1513 790 1551 in
822 1514 1020 1573 nummis
1053 1514 1294 1562 adspicitur
1327 1514 1538 1562 delphicis
1566 1515 1816 1553 autonomis
1843 1514 2073 1553 arietinum

445 1586 658 1625 exhibens
701 1590 842 1636 caput.
888 1589 1007 1627 ldem
1051 1589 1186 1636 igitur
1223 1589 1274 1628 ab
1308 1589 1474 1637 origine
1507 1591 1599 1627 erat
1631 1591 1762 1637 atque
1794 1586 1813 1626 ὁ
1846 1589 2076 1639 Κριοφόρος

445 1662 471 1700 i.
507 1672 542 1700 e.
577 1663 684 1701 deus
717 1664 868 1702 arietis
900 1664 1078 1717 προτόμῃ
1111 1665 1313 1712 ornatus,
1358 1674 1487 1711 quem
1520 1665 1685 1712 posteri
1719 1686 1769 1691 -—
1804 1666 1910 1712 puta
1941 1664 2075 1703 Tana-

446 1737 564 1784 graei
585 1760 634 1764 —
665 1739 944 1787 appellabant
976 1740 1234 1778 Mercurium
1266 1738 1553 1787 Griophorum
1588 1741 1631 1779 et
1663 1740 1845 1778 arietem
1880 1740 2078 1779 humeris

446 1816 695 1861 gestantem
725 1816 981 1864 sculpebant
1015 1813 1055 1860 1).

505 1889 618 1928 Hinc
664 1891 966 1939 intellegimus
1014 1902 1088 1930 cur
1135 1892 1269 1930 etiam
1317 1894 1471 1940 postea
1525 1891 1749 1930 nonnullis
1796 1892 1903 1930 locis
1950 1891 2077 1930 iuxta

444 1966 613 2004 inventi
647 1967 736 2004 sint
767 1973 836 2004 τοῦ
870 1967 1070 2015 Καρνείου
1106 1978 1156 2006 ac
1190 1973 1257 2004 τοῦ
1292 1968 1421 2014 Κρίου
1455 1967 1600 2006 cultus
1620 1963 1660 2015 2),
1691 1977 1829 2014 neque
1857 1977 1937 2006 nos
1965 1967 2077 2015 fugit

445 2040 698 2089 Periegetae
731 2042 964 2081 verborum
997 2053 1155 2081 sensus
1188 2043 1368 2081 interior
1401 2053 1499 2081 cum
1527 2043 1590 2081 sic
1619 2042 1790 2081 scribit:
1823 2039 1870 2090 ,ὁ
1899 2039 1941 2080 δὲ
1968 2044 2077 2091 Καρ-

450 2129 570 2163 νειος,
616 2113 662 2154 ὃν
715 2115 881 2154 Οἰκέταν
930 2115 1243 2166 ἐπονομάζουσι,
1282 2116 1395 2165 τιμὰς
1439 2113 1538 2167 εἶχεν
1581 2116 1622 2155 ἐν
1664 2118 1832 2170 Σπάρτῃ
1875 2116 1942 2154 καὶ
1981 2116 2076 2165 πρὶν

440 2187 702 2240 “Ηρακλείὸας
750 2195 970 2241 κατελθεῖν,
1017 2192 1152 2242 ἵδρυτο
1203 2191 1245 2230 δὲ
1294 2191 1335 2230 ἐν
1384 2193 1488 2245 οἰκία
1537 2193 1666 2241 Κρίου
1715 2197 1786 2230 τοῦ
1838 2190 2079 2241 Θεοκλέους,

448 2266 594 2317 ἀνδρὸς
628 2268 830 2317 μάντεως”
865 2265 905 2313 3).

534 2343 737 2382 Vidimus
769 2355 902 2392 supra
934 2345 1085 2382 lunam
1126 2345 1170 2382 in
1201 2346 1429 2392 pastorum
1462 2343 1675 2392 religione
1708 2344 1749 2381 et
1781 2343 1901 2381 cultu
1932 2343 2076 2381 locum

447 2428 684 2466 occupasse
715 2420 997 2467 primarium;
1033 2421 1274 2459 conicimus
1305 2422 1453 2459 autem
1488 2418 1558 2468 τὴν
1589 2418 1852 2469 Κερασφόρον
1881 2418 2078 2468 Σελήνην.

446 2494 568 2532 deam
601 2497 837 2544 cornutam,
874 2506 898 2533 a
930 2496 1001 2534 deo
1032 2498 1201 2534 cornuto
1233 2506 1318 2534 non
1352 2505 1448 2534 esse
1481 2495 1816 2542 seiungendam‚
1853 2495 1896 2532 et
1927 2504 2079 2532 revera

446 2571 558 2618 apud
591 2571 859 2619 Andaniam,
896 2571 963 2609 ubi
999 2572 1216 2626 Καρνασίῳ
1245 2570 1285 2609 ἐν
1314 2571 1418 2609 ἆλσει
1449 2571 1628 2609 Stabant
1656 2570 1859 2621 ἀγάλματα
1877 2570 2079 2620 Καρνείου

446 2643 512 2682 καὶ
552 2641 706 2696 Ἑρμοῦ
754 2647 995 2696 κριοφόρου,
1042 2649 1214 2695 reperta
1261 2649 1329 2686 est
1375 2647 1620 2695 inscriptio,
1669 2656 1754 2693 qua
1795 2645 1942 2684 nescio
1983 2645 2080 2693 quis

447 2724 641 2760 mactare
674 2722 847 2761 iubetur
882 2722 1091 2760 Ἀπόλλωνι
1128 2722 1312 2776 Καρνείῳ
1346 2721 1516 2772 κάπρον,
1541 2718 1663 2774 (Αγνᾷ
1697 2718 1759 2758 ὀίν
1781 2717 1827 2765 4).

505 2797 614 2846 Quid
647 2797 745 2836 inde
779 2798 1005 2844 sequitur?
1040 2797 1131 2836 Hoc
1164 2798 1328 2847 opinor,
1368 2796 1414 2834 τὰ
1449 2796 1623 2846 Κάρνεια
1656 2795 1793 2834 fuisse
1825 2793 1964 2844 ἑορτήν
1996 2805 2080 2842 qua

494 2974 519 3014 l)
543 2977 644 3006 Paus.
670 2977 729 3013 IX,
755 2978 807 3013 22,
835 2979 862 3007 1.
1131 2974 1159 3016 ¹³)
1183 2977 1287 3007 Paus.
1310 2975 1368 3012 1V,
1395 2977 1448 3012 33,
1475 2978 1504 3006 4.

494 3036 521 3075 ³)
547 3039 647 3068 Paua.
673 3039 736 3072 111,
765 3039 815 3075 13,
841 3039 871 3068 3.
1128 3036 1155 3078 ⁴)
1175 3038 1283 3068 Inscr.
1310 3037 1396 3067 And.
1420 3037 1441 3066 l.
1472 3038 1524 3066 34.
