2200 3487
509 372 563 411 36
1215 377 1267 404 DE
1298 376 1442 403 ArAcn.

507 496 637 535 habeb
677 497 805 534 haec:
844 498 984 542 υτοῦτο
1013 488 1211 528 Ἐνδοίου
1244 487 1384 539 τέχνην
1417 486 1482 525 καὶ
1515 486 1647 534 ἄλλοις
1681 487 1992 539 ἐτεκμαιρόμεθα
2025 482 2125 525 εἶναι

505 569 571 608 καὶ
603 569 640 616 ἐς
672 569 744 619 τὴν
776 568 963 620 ἐργασίαν
997 565 1206 617 ὁρῶντες”.

563 646 742 684 Nummi
774 654 876 683 vero
906 643 1072 681 Ilienses
1104 642 1329 679 incussam
1361 640 1520 687 gerunt
1552 639 1734 677 Palladii
1765 640 2006 687 imaginem
2033 641 2125 678 tam
2164 671 2174 680 .

504 723 631 760 hasta
670 730 799 767 quam
832 719 923 757 colo
956 718 1190 756 munitam.
1223 716 1273 753 In
1307 715 1626 762 antiquioribus
1654 716 1809 754 horum
1842 725 2124 754 nummorum

503 806 587 834 non
619 795 899 842 agnoscimus
931 792 1220 840 palladiorum
1252 790 1443 829 formam
1477 790 1669 829 solitam.
1704 791 1899 830 Minerva
1923 792 2041 830 enim
2068 790 2127 828 ibi

503 882 589 910 non
620 873 710 909 stat
741 867 835 907 ποσὶ
866 865 1140 918 συμβεβηκόσι
1173 866 1248 904 sed
1281 866 1494 914 procedit,
1527 875 1613 904 non
1647 866 1777 905 habet
1808 867 1985 906 hastam
2017 867 2127 917 διηρ-

501 945 626 996 μένην
657 946 730 984 sed
763 945 807 982 in
840 945 1022 982 humero
1054 943 1256 990 positam.
1289 942 1444 980 Aetate
1477 942 1654 980 demum
1687 942 1969 990 imperatoria
1999 942 2129 981 solita

496 1021 671 1069 palladii
712 1020 852 1058 forma
895 1019 938 1056 in
979 1018 1175 1056 nummis
1217 1018 1469 1065 agnoscitur
1506 1020 1556 1062 (e.
1590 1028 1629 1065 g.
1658 1017 2025 1056 Imhoof-Blumer
2056 1018 2126 1056 Gr.

496 1098 547 1134 M.
581 1097 679 1145 627,
714 1096 798 1133 224
832 1095 932 1132 VIII
966 1095 1019 1139 3).
1065 1094 1174 1131 Tute
1215 1093 1425 1131 statueris
1471 1092 1615 1131 Troiae
1653 1093 1912 1142 palladium,
1942 1093 1980 1131 si
2012 1093 2124 1140 quod

494 1172 693 1220 Pergami
718 1171 850 1209 fuerit
878 1180 1089 1218 unquam,
1119 1180 1144 1208 a
1172 1170 1330 1208 ceteris
1358 1169 1562 1208 omnibus
1595 1169 1822 1208 diversum
1854 1180 1940 1209 non
1977 1170 2127 1209 fuisse.

494 1247 577 1286 Gur
619 1247 737 1285 enim
779 1246 881 1284 urbs
924 1246 1103 1292 antiqua
1133 1246 1183 1283 ut
1214 1245 1326 1283 aliae
1358 1255 1446 1283 non
1480 1245 1709 1283 habuisset
1742 1245 1980 1293 palladium
2013 1245 2126 1293 pedi-

494 1324 572 1361 bus
605 1322 802 1360 adductis
836 1320 983 1367 ξοάνου
1015 1321 1204 1359 formam
1232 1320 1458 1359 referens?
1488 1321 1639 1359 Nonne
1666 1320 1854 1369 legimus
1881 1321 1924 1359 in
1951 1321 2127 1359 Perside

494 1399 620 1436 haec:
674 1398 814 1446 „Aiax
862 1396 1156 1435 Cassandram
1205 1396 1378 1444 rapiens
1425 1393 1708 1444 συνεφέλκεται
1754 1394 1795 1433 τὸ
1839 1401 1908 1445 τῆς
1955 1398 2126 1445 Ἀθηνᾶς

493 1473 747 1520 ξόανον”“.>
779 1473 930 1511 Nonne
960 1472 1242 1520 [Apollodori]
1276 1482 1446 1519 quoque
1473 1471 1736 1510 bibliotheca
1764 1472 1853 1521 (III,
1886 1473 1937 1510 12
1966 1482 2005 1520 p.
2028 1472 2124 1517 143)

493 1549 698 1587 describit
745 1548 983 1596 palladium
1033 1548 1269 1586 Troianum
1313 1545 1406 1584 ποσὶ
1450 1545 1725 1597 συμβεβηκὸς,
1761 1546 1896 1598 δόρατι
1929 1545 2126 1601 διηρμένῳ

492 1625 779 1672 instructum,
814 1621 992 1676 ἠλακάτῃ
1024 1623 1283 1661 munitum?

550 1700 722 1738 Novum
772 1699 906 1747 igitur
948 1699 1079 1737 Ilium
1121 1698 1365 1737 incolentes
1409 1708 1508 1736 cum
1551 1709 1760 1737 nummos
1802 1708 1905 1737 suos
1937 1698 2128 1746 imagine

497 1776 601 1814 deae
633 1775 838 1813 tutelaris
881 1784 1038 1813 ornare
1081 1773 1262 1822 vellent,
1309 1783 1465 1811 versus
1506 1773 1604 1811 libri
1641 1774 1670 1811 Z
1713 1773 2003 1822 interpolatos
2044 1784 2128 1811 reon

493 1851 802 1899 respexerunt,
860 1850 1023 1898 immo,
1081 1849 1258 1897 palladii
1313 1849 1502 1887 formam
1552 1859 1651 1887 cum
1698 1848 1880 1897 pedibus
1927 1849 2130 1888 adductis

490 1927 552 1965 ita
600 1927 846 1974 mutarunt,
890 1926 938 1963 ut
971 1925 1172 1963 liberiore
1205 1926 1329 1962 motu
1366 1924 1447 1962 dea
1471 1925 1691 1972 procedere
1723 1924 1956 1963 videretur.
1991 1925 2128 1973 Supra

493 2003 639 2039 autem.
685 2001 926 2039 statuimus
968 2001 1074 2039 deae
1117 2001 1358 2048 imaginem
1400 2001 1629 2039 sedentem
1660 2012 1802 2039 revera
1835 2002 1989 2040 Troiae
2021 2012 2127 2040 nun-

493 2088 622 2125 quam
679 2077 830 2116 fuisse.
888 2078 1123 2126 Attamen,
1184 2087 1284 2115 cum
1341 2086 1498 2115 versus
1554 2077 1650 2115 libri
1699 2079 1730 2114 Z
1777 2077 2031 2126 interpolati
2082 2078 2127 2115 in

492 2154 625 2192 Iliade
668 2153 812 2192 locum
854 2153 1104 2192 invenerint
1145 2153 1418 2200 formamque
1461 2154 1504 2191 et
1543 2153 1709 2191 famam
1748 2153 1878 2191 huius
1920 2153 2025 2192 deae
2061 2163 2126 2191 se-

492 2231 635 2268 dentis
676 2229 959 2278 divulgarint,
1006 2229 1192 2278 rogaris,
1239 2239 1313 2267 cur
1348 2229 1550 2278 Ilienses,
1585 2230 1657 2276 qui
1689 2229 1865 2268 Troiam
1898 2229 2128 2276 antiquam

492 2305 690 2343 habitare
731 2315 777 2343 se
811 2305 1102 2353 gloriarentur
1134 2304 1261 2352 idque
1290 2304 1440 2352 procul
1475 2304 1603 2343 dubio
1636 2305 1913 2353 argumentis
1943 2304 2128 2353 probare

492 2382 733 2429 tentarent,
791 2381 941 2418 Iliadis
998 2380 1259 2419 auctoritate
1320 2381 1386 2418 uti
1444 2380 1685 2429 noluerint,
1734 2380 1975 2428 imaginem
2023 2380 2128 2419 deae

493 2456 719 2494 sedentem
766 2456 963 2494 nummis
1010 2456 1103 2494 suis
1146 2466 1233 2494 non
1275 2456 1554 2494 incusserint.
1598 2457 1665 2494 An
1707 2455 1984 2504 verebantur,
2019 2466 2073 2495 ne
2105 2466 2131 2494 a

494 2531 648 2569 ceteris
682 2531 857 2569 Graecis
884 2531 1249 2579 redarguerentur
1275 2530 1396 2569 hisce
1422 2531 1591 2569 verbis:
1622 2531 1924 2580 „argumentis
1950 2531 2127 2570 utimini

493 2605 607 2643 haud
641 2606 812 2653 validis,
848 2616 951 2644 nam
987 2616 1140 2645 versus
1172 2606 1330 2654 quibus
1361 2606 1555 2644 nitimini
1586 2606 1839 2655 interpolati
1871 2607 2037 2645 suntffl?

552 2680 647 2718 Non
688 2680 831 2729 credo,
877 2691 980 2719 nam
1024 2683 1165 2720 artem
1208 2682 1408 2720 criticam
1445 2682 1488 2720 in
1522 2682 1590 2720 his
1622 2682 1822 2720 versibus
1854 2692 1908 2720 ne
1939 2682 2125 2721 Alexan-

493 2755 603 2792 drini
631 2755 803 2801 quidem
832 2759 1132 2795 exercuerunt.
1161 2757 1260 2796 Alia
1286 2757 1420 2805 igitur
1449 2767 1598 2806 causa,
1629 2767 1702 2796 cur
1719 2757 1959 2805 imaginem
1976 2758 2124 2796 seden-

490 2831 582 2866 tem
615 2829 850 2878 noluerint,
888 2832 1114 2870 exstitisse
1148 2833 1335 2871 videtur.
1370 2832 1482 2870 Nam
1510 2833 1548 2870 si
1573 2832 1641 2870 usi
1668 2833 1773 2870 sunt
1798 2833 1993 2880 imagine
2021 2834 2126 2872 deae

491 2903 652 2941 stantis
702 2903 767 2942 vel
814 2905 1105 2955 procedentis,
1156 2917 1241 2945 non
1282 2908 1428 2955 potest
1470 2907 1572 2954 quin
1615 2907 1722 2946 haec
1752 2907 1895 2945 forma
1925 2908 1980 2945 iis
2011 2908 2125 2947 vide-

491 2980 609 3016 retur
655 2979 886 3025 antiquior.
936 2980 1188 3020 Praevaluit
1235 2983 1368 3031 igitur
1404 2982 1586 3021 Palladii
1616 2983 1760 3021 forma
1791 2987 1860 3020 τοῦ
1892 2982 2041 3029 ξοάνου
2074 2994 2128 3022 ex

490 3053 570 3091 Iliu
614 3054 789 3092 Perside
831 3056 946 3093 nota.
991 3056 1042 3094 Et
1083 3057 1175 3095 iure
1216 3058 1480 3107 praevaluit,
1530 3068 1631 3096 nam
1665 3058 1768 3096 licet
1799 3057 1980 3096 Palladii
2011 3059 2124 3107 rapti
