2141 3487
845 301 979 330 mom
1010 300 1172 328 RERUM.
1737 293 1819 331 227

201 464 242 495 de
268 465 367 495 leone
389 465 561 495 Nemeaeo

201 517 243 547 (18
266 516 387 547 liberis
413 515 528 547 nothis
550 540 557 548 .

201 569 243 600 de
266 570 351 600 locis
377 569 503 608 quibus
528 569 659 600 Oarnea
678 568 870 606 agebantur

201 622 243 652 de
267 623 492 653 Locrensium
519 621 635 653 armis.
783 643 791 652 .

201 675 244 704 de
265 676 486 705 Locrensium
510 675 631 706 matris
651 677 684 705 et
700 673 762 704 filii
776 673 871 703 cultu

901 411 976 446 Pag.

959 457 978 487 6

938 511 974 540 21

917 563 978 593 162

940 615 979 646 16

919 669 976 699 121

203 728 245 758 (18
276 729 500 759 Locrensium
533 737 628 759 more
656 725 871 758 sacrificandi
938 724 980 753 48

202 782 244 812 de
270 782 475 812 lustratione
500 780 644 820 antiqua
863 801 870 809 .
920 775 980 809 176

201 835 243 865 (18
268 833 384 872 Lyciis
398 858 406 866 .
707 858 715 866 .
941 830 981 860 59

202 888 245 918 de
276 897 395 918 mense
421 896 488 926 quo
521 888 652 918 Carnea
679 887 872 925 agebantur
920 883 982 914 160

202 940 245 971 de
270 941 425 971 Minerva
449 941 595 978 Aethyia
632 964 639 972 .
941 936 981 967 19

203 994 245 1024 de
274 993 431 1025 Minerva
458 995 571 1025 colum
604 1002 709 1024 manu
733 994 871 1024 tenente
940 990 980 1020 35

203 1047 245 1078 de
270 1048 444 1078 Minervae
468 1046 573 1077 variis
597 1046 805 1084 imaginibus
863 1068 870 1075 .
941 1044 983 1073 34

203 1100 245 1130 (18
259 1109 353 1131 more
365 1100 675 1139 Epizephyriorum
691 1108 768 1129 cum
781 1099 869 1129 Dau-

247 1152 382 1183 niorum
404 1155 438 1183 et
452 1151 683 1187 *Troianorum
700 1150 769 1182 illis
782 1160 871 1182 com-

246 1209 367 1244 parato
398 1230 406 1238 .
554 1230 561 1238 .
631 1229 638 1237 .
708 1229 717 1238 .
864 1228 872 1236 .
919 1202 982 1233 125

203 1259 245 1289 de
271 1259 404 1289 Musaei
429 1258 662 1298 Thesprotide
710 1282 718 1290 .
866 1281 873 1289 .
918 1255 983 1286 202

202 1312 244 1342 (18
268 1313 410 1350 Mycono
434 1312 621 1350 Gigantum
645 1312 806 1351 sepulcro
864 1334 872 1342 .
941 1308 982 1341 47

204 1366 246 1395 de
270 1375 411 1396 nummo
437 1365 666 1397 Mantineensi
710 1389 717 1397 .
865 1388 873 1396 .
920 1363 983 1396 197

203 1419 245 1449 de
271 1421 420 1449 nummis
445 1420 589 1450 troianis
636 1442 644 1450 .
943 1417 985 1446 34

207 1473 250 1503 de
274 1472 488 1504 Paeonibus.
945 1470 985 1499 58

208 1526 250 1555 de
273 1525 435 1565 palladiis
478 1550 485 1557 .
945 1522 986 1552 36

207 1579 250 1608 (18
274 1579 450 1609 Pandione
480 1603 487 1610 .
869 1602 876 1610 .
947 1576 986 1606 19

207 1632 250 1661 (18
275 1632 498 1670 Pelasgorum
524 1632 690 1669 religione
716 1654 723 1662 .
871 1654 878 1662 .
926 1629 987 1660 102

208 1685 250 1714 (18
274 1683 489 1722 Phytalmio.
947 1682 987 1712 68

206 1738 249 1767 (18
269 1737 409 1768 Pindari
427 1738 541 1767 verbis
558 1738 648 1767 male
661 1746 680 1767 a
692 1736 879 1767 scholiasta

254 1791 443 1829 interprete
468 1788 616 1820 redditis
641 1813 649 1821 .
971 1788 989 1817 3

210 1844 252 1874 de
289 1844 428 1882 populis
463 1853 502 1873 ex
534 1844 674 1882 Europa
701 1843 735 1872 in
760 1841 877 1872 Asiam

253 1897 491 1935 transgressis.
951 1892 990 1926 57

209 1949 252 1978 (18
283 1950 396 1979 Procli
424 1949 538 1979 verbis
572 1949 662 1979 male
693 1947 882 1978 intellectis
931 1946 992 1977 198

211 2002 253 2031 de
278 2002 524 2032 Psammetichi
549 2001 806 2041 stipendiariis.
877 2024 885 2032 .
932 2000 994 2030 194

212 2055 254 2085 (18
278 2055 353 2093 Pyli
376 2054 544 2085 homerici
569 2056 649 2086 situ.
875 2077 882 2085 .
930 2053 992 2082 189

213 2108 254 2138 de
279 2106 374 2146 pyris
397 2108 431 2137 in
457 2108 606 2138 navibus
632 2108 818 2139 exstructis
876 2130 883 2138 .
952 2107 994 2136 49

212 2170 280 2199 quo
312 2161 380 2191 diei
411 2163 568 2199 tempore
591 2160 754 2190 heroibus
779 2161 881 2190 sacri-

256 2215 406 2244 ficabant
431 2215 575 2252 antiqui.
951 2213 989 2244 91

212 2268 254 2297 dc
285 2268 415 2296 ratione
436 2265 663 2304 genealogica
687 2267 777 2296 inter
801 2268 884 2297 Ozo-

258 2320 360 2349 lidem
387 2322 420 2349 et
445 2319 653 2358 Opuntiam.
952 2319 992 2348 95

212 2373 254 2401 de
269 2374 399 2402 ratione
413 2371 646 2410 mythologica
659 2373 748 2402 inter
760 2373 876 2402 Locri-

258 2426 335 2456 dem
361 2429 394 2455 et
418 2424 596 2455 Arcadiam
647 2450 653 2457 .
953 2425 994 2455 96

1748 410 1792 437 Pa
1818 432 1823 438 .

1042 457 1084 486 de
1108 454 1292 486 ruderibus
1316 456 1439 486 Troiae
1464 453 1560 487 V112.
1630 479 1638 487 .
1708 479 1714 485 .
1765 418 1825 486 llg9

1043 510 1085 540 de
1113 507 1331 539 sacrificandi
1355 518 1448 539 more
1472 508 1606 539 troiano
1629 534 1635 541 .
1707 532 1714 539 .
1783 509 1823 541 37

1043 563 1086 593 de
1110 561 1296 593 Salaminis
1320 561 1480 593 nomine.
1549 586 1558 595 .
1628 584 1635 592 .
1705 584 1712 593 .
1782 560 1824 590 64

1043 616 1086 646 de
1118 616 1249 646 scelere
1279 614 1392 646 Aiacis
1426 616 1461 645 in
1485 614 1714 645 Cassandram

1089 667 1276 699 commisso
1318 692 1326 700 .
1397 692 1404 700 .
1474 691 1482 700 .
1550 691 1558 700 .
1629 690 1636 699 .
1707 692 1714 700 .
1763 665 1826 696 116

1045 721 1087 752 (18
1111 722 1262 752 sedecim
1283 721 1490 752 mulieribus
1513 721 1606 751 Eleis
1630 744 1637 752 .
1707 743 1715 752 .
1785 719 1827 749 94

1045 775 1087 804 de
1119 783 1222 806 sensu
1253 775 1351 805 Pind.
1384 775 1483 813 Pyth.
1510 774 1548 810 V,
1572 772 1614 805 73
1639 782 1714 812 sqq.
1764 771 1826 804 179

1044 827 1087 858 de
1118 826 1357 867 Sicyoniorum
1388 836 1508 866 regum
1533 829 1715 857 stemmate
1765 825 1824 855 158

1044 881 1087 911 de
1111 879 1293 921 Sophoclis
1316 879 1446 920 Niptris
1477 904 1484 912 .
1553 904 1560 912 .
1631 903 1638 912 .
1708 902 1716 911 .
1763 878 1825 908 215

1045 934 1088 964 de
1111 935 1298 965 Teledamo
1322 934 1439 965 Circes
1462 934 1531 964 filio
1554 957 1561 966 .
1630 956 1638 965 .
1709 955 1716 964 .
1763 931 1828 962 210

1045 988 1088 1018 de
1113 989 1289 1027 Telegono
1313 991 1348 1018 et
1371 987 1414 1018 de
1440 986 1665 1018 Althaemene
1708 1009 1715 1018 .
1763 984 1829 1015 214

1045 1042 1088 1072 de
1111 1043 1325 1073 Teucrorum
1349 1043 1452 1080 gente
1477 1064 1485 1073 .
1553 1065 1561 1073 .
1631 1064 1638 1073 .
1709 1064 1717 1072 .
1787 1040 1827 1071 53

1045 1095 1088 1126 de
1113 1094 1321 1134 Thesprotia
1345 1095 1453 1126 Hadis
1476 1103 1582 1133 regno
1629 1117 1637 1126 .
1708 1117 1716 1125 .
1763 1092 1826 1126 207

1046 1149 1088 1179 de
1108 1148 1243 1180 thronis
1266 1149 1418 1180 Hecatae
1442 1150 1562 1180 sacris,
1630 1171 1638 1180 .
1708 1171 1716 1180 .
1764 1146 1827 1177 165

1047 1202 1088 1232 de
1113 1203 1266 1240 Thucyd.
1292 1203 1330 1239 V,
1356 1202 1397 1232 54
1472 1225 1481 1234 .
1550 1225 1558 1234 .
1631 1224 1640 1233 .
1709 1225 1717 1233 .
1765 1199 1827 1233 157

1047 1255 1089 1285 de
1113 1254 1250 1287 Triade.
1320 1281 1328 1289 .
1398 1278 1407 1287 .
1477 1279 1485 1287 .
1554 1277 1561 1286 .
1632 1277 1640 1285 .
1709 1277 1717 1284 .
1786 1253 1828 1283 24

1047 1309 1089 1338 de
1114 1309 1328 1348 Trophonio.
1398 1331 1406 1340 .
1475 1331 1482 1339 .
1553 1331 1560 1339 .
1631 1332 1640 1341 .
1709 1331 1717 1339 .
1765 1306 1828 1337 189

1047 1362 1090 1392 de
1121 1363 1269 1392 Tzetzae
1293 1359 1409 1392 verbis
1433 1369 1511 1391 cum
1536 1360 1620 1398 epit.
1643 1361 1718 1391 Vat.

1093 1418 1127 1445 et
1152 1424 1229 1446 cum
1254 1413 1362 1445 schol.
1384 1415 1427 1445 ad
1447 1415 1617 1453 Lycophr.
1631 1423 1719 1444 com-

1093 1469 1225 1507 paratis
1243 1491 1250 1500 .
1321 1492 1328 1500 .
1399 1492 1406 1500 .
1478 1491 1485 1499 .
1556 1492 1563 1499 .
1633 1491 1641 1499 .
1710 1492 1718 1499 .
1767 1467 1827 1498 111

1050 1522 1092 1552 (18
1115 1521 1225 1553 Ulixis
1247 1521 1281 1552 in
1306 1522 1439 1552 Elidem
1465 1523 1588 1551 itinere
1635 1544 1642 1552 .
1711 1545 1719 1553 .
1767 1521 1831 1551 200

1050 1574 1110 1605 ubi
1129 1576 1248 1606 Ulixes
1268 1575 1399 1605 invenit
1772 1574 1837 1604 204.-

1051 1629 1093 1658 (18
1117 1629 1251 1658 umbris
1275 1627 1431 1658 frondeis
1482 1650 1489 1658 .
1561 1651 1568 1659 .
1639 1650 1645 1658 .
1716 1651 1724 1659 .
1773 1627 1834 1657 155

1052 1682 1094 1712 de
1117 1681 1251 1712 umbris
1275 1691 1293 1711 e
1316 1681 1554 1711 Pentateucho
1580 1682 1671 1711 notis
1718 1705 1726 1713 .
1775 1681 1838 1711 168

1053 1735 1095 1764 (18
1119 1735 1186 1773 Upi
1209 1735 1414 1764 Troezenia.
1485 1757 1492 1765 .
1563 1757 1570 1765 .
1641 1757 1648 1765 .
1718 1757 1726 1766 .
1775 1734 1837 1764 146

1053 1787 1095 1818 (18
1120 1788 1260 1818 urbium
1286 1787 1484 1818 nominibus
1505 1788 1538 1817 in
1637 1786 1726 1817 desi-

1098 1839 1263 1870 nentibus
1330 1863 1337 1871 .
1407 1863 1415 1871 .
1486 1863 1494 1872 .
1563 1862 1570 1871 .
1641 1864 1647 1872 .
1718 1864 1725 1872 .
1796 1840 1838 1869 84

1054 1893 1096 1923 de
1117 1892 1234 1924 verbis

1100 1945 1129 1985 (
1156 1945 1219 1975 134
1244 1946 1337 1984 sqq.)
1405 1969 1412 1977 .
1482 1968 1489 1976 .
1560 1969 1567 1977 .
1637 1969 1645 1978 .
1716 1970 1724 1978 .
1772 1945 1835 1976 211

1055 1999 1097 2029 de
1118 1998 1235 2029 verbis
1432 2001 1466 2028 et
1640 2022 1647 2030 .
1717 2022 1726 2030 .
1797 1999 1835 2029 91

1056 2053 1097 2082 de
1128 2052 1233 2082 verbo
1463 2051 1638 2089 digamma
1662 2061 1727 2082 non

1101 2103 1306 2135 admittente
1332 2128 1340 2136 .
1411 2127 1418 2134 .
1488 2127 1495 2135 .
1565 2128 1573 2136 .
1643 2128 1650 2136 .
1721 2129 1728 2137 .
1777 2105 1836 2135 131

1056 2159 1098 2189 (18
1123 2159 1221 2196 virga
1246 2158 1381 2196 magica
1410 2180 1417 2188 .
1485 2181 1493 2189 .
1564 2181 1572 2189 .
1642 2181 1650 2189 .
1720 2181 1728 2190 .
1796 2159 1838 2187 45

1056 2213 1098 2242 de
1123 2211 1316 2250 virginibus
1339 2210 1517 2242 Minervae
1543 2211 1651 2240 sacris
1721 2233 1727 2241 .
1777 2210 1838 2240 113

1056 2267 1098 2296 (18
1122 2264 1316 2303 virginibus
1534 2264 1670 2294 traditis
1721 2287 1729 2295 .
1778 2264 1840 2293 124

1057 2320 1099 2348 de
1123 2328 1207 2349 voce
1233 2320 1338 2358 .
1407 2341 1415 2349 .
1485 2341 1493 2349 .
1564 2342 1571 2349 .
1641 2341 1649 2348 .
1719 2340 1727 2348 .
1818 2318 1838 2346 4

1057 2373 1099 2402 de
1124 2382 1206 2403 voce
1408 2395 1415 2403 .
1488 2395 1496 2402 .
1565 2395 1572 2403 .
1643 2395 1650 2402 .
1720 2395 1728 2402 .
1797 2369 1839 2399 22

1058 2427 1100 2455 de
1124 2427 1217 2456 vocis
1434 2434 1538 2455 sensu
1565 2451 1571 2457 .
1643 2449 1650 2456 .
1720 2448 1727 2456 .
1798 2424 1839 2457 74
