<?xml version="1.0" encoding="UTF-8"?>
<!DOCTYPE html PUBLIC "-//W3C//DTD XHTML 1.0 Transitional//EN"
    "http://www.w3.org/TR/xhtml1/DTD/xhtml1-transitional.dtd">
<html xmlns="http://www.w3.org/1999/xhtml" xml:lang="en" lang="en">
 <head>
  <title>
</title>
<meta http-equiv="Content-Type" content="text/html;charset=utf-8" />
  <meta name='ocr-system' content='tesseract 3.04.00' />
  <meta name='ocr-capabilities' content='ocr_page ocr_carea ocr_par ocr_line ocrx_word'/>
</head>
<body>
  <div class='ocr_page' id='page_1' title='image "./deaiacisoriginec00vr_0121.png"; bbox 0 0 2141 3487; ppageno 0'>
   <div class='ocr_carea' id='block_1_1' title="bbox 853 305 1783 342">
    <p class='ocr_par' dir='ltr' id='par_1_1' title="bbox 853 305 1783 342">
     <span class='ocr_line' id='line_1_1' title="bbox 853 305 1783 342; baseline 0.004 -4"><span class='ocrx_word' id='word_1_1' title='bbox 853 312 906 338; x_wconf 77' lang='lat' dir='ltr'>m:</span> <span class='ocrx_word' id='word_1_2' title='bbox 940 312 1085 340; x_wconf 74' lang='grc' dir='ltr'><strong>ΑΙΑΟΕ.</strong></span> <span class='ocrx_word' id='word_1_3' title='bbox 1703 305 1783 342; x_wconf 83' lang='grc'>109</span> 
     </span>
    </p>
   </div>
   <div class='ocr_carea' id='block_1_2' title="bbox 146 424 1792 3042">
    <p class='ocr_par' dir='ltr' id='par_1_2' title="bbox 151 424 1790 931">
     <span class='ocr_line' id='line_1_2' title="bbox 219 424 1787 480; baseline 0.001 -15"><span class='ocrx_word' id='word_1_4' title='bbox 219 426 394 478; x_wconf 52' lang='grc' dir='ltr'>ῃσυνέβη</span> <span class='ocrx_word' id='word_1_5' title='bbox 427 433 496 480; x_wconf 78' lang='grc' dir='ltr'>μιᾷ</span> <span class='ocrx_word' id='word_1_6' title='bbox 529 424 765 480; x_wconf 74' lang='grc' dir='ltr'>στελλομένῃ</span> <span class='ocrx_word' id='word_1_7' title='bbox 799 425 840 464; x_wconf 79' lang='grc' dir='ltr'>ἐκ</span> <span class='ocrx_word' id='word_1_8' title='bbox 874 426 1075 476; x_wconf 81' lang='grc' dir='ltr'><strong><em>Λοκρίδος</em></strong></span> <span class='ocrx_word' id='word_1_9' title='bbox 1107 427 1393 476; x_wconf 77' lang='grc' dir='ltr'><em>διαφθαρῆναι</em></span> <span class='ocrx_word' id='word_1_10' title='bbox 1427 426 1492 465; x_wconf 84' lang='grc' dir='ltr'>ἐπί</span> <span class='ocrx_word' id='word_1_11' title='bbox 1520 442 1627 472; x_wconf 88' lang='grc' dir='ltr'><strong><em>τινος</em></strong></span> <span class='ocrx_word' id='word_1_12' title='bbox 1659 427 1787 476; x_wconf 82' lang='grc' dir='ltr'><em>λόφου</em></span> 
     </span>
     <span class='ocr_line' id='line_1_3' title="bbox 155 497 1790 553; baseline 0.001 -13"><span class='ocrx_word' id='word_1_13' title='bbox 155 508 223 552; x_wconf 84' lang='grc' dir='ltr'>τῆς</span> <span class='ocrx_word' id='word_1_14' title='bbox 269 502 412 553; x_wconf 87' lang='grc' dir='ltr'><strong><em>Τροίας</em></strong></span> <span class='ocrx_word' id='word_1_15' title='bbox 445 500 695 552; x_wconf 83' lang='grc' dir='ltr'><strong><em>καλουμένου</em></strong></span> <span class='ocrx_word' id='word_1_16' title='bbox 732 503 956 552; x_wconf 80' lang='grc' dir='ltr'><em>Τράρωνος·</em></span> <span class='ocrx_word' id='word_1_17' title='bbox 990 497 1071 540; x_wconf 79' lang='grc' dir='ltr'><strong><em>εἶτα</em></strong></span> <span class='ocrx_word' id='word_1_18' title='bbox 1103 501 1194 548; x_wconf 87' lang='grc' dir='ltr'><strong><em>τοὺς</em></strong></span> <span class='ocrx_word' id='word_1_19' title='bbox 1228 501 1415 552; x_wconf 86' lang='grc' dir='ltr'><strong><em>Λοκροὺς</em></strong></span> <span class='ocrx_word' id='word_1_20' title='bbox 1447 501 1519 552; x_wconf 83' lang='grc' dir='ltr'>τὴν</span> <span class='ocrx_word' id='word_1_21' title='bbox 1550 500 1622 553; x_wconf 82' lang='grc' dir='ltr'>μὲν</span> <span class='ocrx_word' id='word_1_22' title='bbox 1653 503 1790 551; x_wconf 80' lang='grc' dir='ltr'><em>θάψαι</em></span> 
     </span>
     <span class='ocr_line' id='line_1_4' title="bbox 156 575 1788 628; baseline 0.001 -13"><span class='ocrx_word' id='word_1_23' title='bbox 156 584 353 628; x_wconf 86' lang='grc' dir='ltr'>σιωπῆσαι</span> <span class='ocrx_word' id='word_1_24' title='bbox 399 575 441 616; x_wconf 84' lang='grc' dir='ltr'>δὲ</span> <span class='ocrx_word' id='word_1_25' title='bbox 486 576 552 615; x_wconf 85' lang='grc' dir='ltr'>καὶ</span> <span class='ocrx_word' id='word_1_26' title='bbox 595 576 729 628; x_wconf 82' lang='grc' dir='ltr'><em>μηκέτι</em></span> <span class='ocrx_word' id='word_1_27' title='bbox 777 577 947 627; x_wconf 80' lang='grc' dir='ltr'><em>πέμπειν</em></span> <span class='ocrx_word' id='word_1_28' title='bbox 994 577 1061 624; x_wconf 85' lang='grc' dir='ltr'>τὰς</span> <span class='ocrx_word' id='word_1_29' title='bbox 1103 578 1271 627; x_wconf 78' lang='grc' dir='ltr'>παῖδας,</span> <span class='ocrx_word' id='word_1_30' title='bbox 1313 577 1542 627; x_wconf 83' lang='grc' dir='ltr'><strong><em>φάσκοντας</em></strong></span> <span class='ocrx_word' id='word_1_31' title='bbox 1583 581 1788 628; x_wconf 81' lang='grc' dir='ltr'><em>πεπληρῶ-</em></span> 
     </span>
     <span class='ocr_line' id='line_1_5' title="bbox 155 652 1788 705; baseline 0 -14"><span class='ocrx_word' id='word_1_32' title='bbox 155 657 254 692; x_wconf 87' lang='grc' dir='ltr'><em>σθαι</em></span> <span class='ocrx_word' id='word_1_33' title='bbox 296 653 365 692; x_wconf 87' lang='grc' dir='ltr'>τὸν</span> <span class='ocrx_word' id='word_1_34' title='bbox 406 660 484 692; x_wconf 84' lang='grc' dir='ltr'>τῶν</span> <span class='ocrx_word' id='word_1_35' title='bbox 525 653 624 692; x_wconf 77' lang='grc' dir='ltr'><strong><em>ἐτῶν</em></strong></span> <span class='ocrx_word' id='word_1_36' title='bbox 666 654 824 705; x_wconf 83' lang='grc' dir='ltr'><strong><em>χρόνον·</em></strong></span> <span class='ocrx_word' id='word_1_37' title='bbox 868 653 1067 704; x_wconf 83' lang='grc' dir='ltr'><em>ἀκαρπίας</em></span> <span class='ocrx_word' id='word_1_38' title='bbox 1109 652 1151 692; x_wconf 85' lang='grc' dir='ltr'>δὲ</span> <span class='ocrx_word' id='word_1_39' title='bbox 1182 654 1457 705; x_wconf 85' lang='grc' dir='ltr'>κατασχούσης</span> <span class='ocrx_word' id='word_1_40' title='bbox 1489 653 1636 700; x_wconf 84' lang='grc' dir='ltr'><strong><em>αὐτοὺς</em></strong></span> <span class='ocrx_word' id='word_1_41' title='bbox 1668 655 1788 692; x_wconf 84' lang='grc' dir='ltr'><em>πάλιν</em></span> 
     </span>
     <span class='ocr_line' id='line_1_6' title="bbox 153 726 1790 781; baseline 0.001 -14"><span class='ocrx_word' id='word_1_42' title='bbox 153 728 323 779; x_wconf 83' lang='grc' dir='ltr'><em>πέμπειν</em></span> <span class='ocrx_word' id='word_1_43' title='bbox 365 728 498 768; x_wconf 87' lang='grc' dir='ltr'>οὐκέτι</span> <span class='ocrx_word' id='word_1_44' title='bbox 541 730 615 769; x_wconf 80' lang='grc' dir='ltr'>δύο</span> <span class='ocrx_word' id='word_1_45' title='bbox 659 728 756 768; x_wconf 81' lang='grc' dir='ltr'><em>ἀλλὰ</em></span> <span class='ocrx_word' id='word_1_46' title='bbox 797 730 908 779; x_wconf 77' lang='grc' dir='ltr'><em>μίαν,</em></span> <span class='ocrx_word' id='word_1_47' title='bbox 943 729 1150 781; x_wconf 84' lang='grc' dir='ltr'><strong><em>ἀρκοῦσαν</em></strong></span> <span class='ocrx_word' id='word_1_48' title='bbox 1183 726 1284 768; x_wconf 85' lang='grc' dir='ltr'><em>εἶναι</em></span> <span class='ocrx_word' id='word_1_49' title='bbox 1317 729 1538 776; x_wconf 83' lang='grc' dir='ltr'><strong><em>δοκοῦντας</em></strong></span> <span class='ocrx_word' id='word_1_50' title='bbox 1570 728 1642 779; x_wconf 84' lang='grc' dir='ltr'>τὴν</span> <span class='ocrx_word' id='word_1_51' title='bbox 1674 745 1790 779; x_wconf 83' lang='grc' dir='ltr'><em>τιμω-</em></span> 
     </span>
     <span class='ocr_line' id='line_1_7' title="bbox 153 801 1789 856; baseline 0 -14"><span class='ocrx_word' id='word_1_52' title='bbox 153 804 256 854; x_wconf 85' lang='grc' dir='ltr'><em>ρίαν·</em></span> <span class='ocrx_word' id='word_1_53' title='bbox 299 803 318 844; x_wconf 84' lang='grc' dir='ltr'>ὁ</span> <span class='ocrx_word' id='word_1_54' title='bbox 361 803 404 844; x_wconf 83' lang='grc' dir='ltr'>δὲ</span> <span class='ocrx_word' id='word_1_55' title='bbox 445 805 617 856; x_wconf 83' lang='grc' dir='ltr'>χρησμὸς</span> <span class='ocrx_word' id='word_1_56' title='bbox 661 805 734 844; x_wconf 83' lang='grc' dir='ltr'>οὐκ</span> <span class='ocrx_word' id='word_1_57' title='bbox 776 801 876 856; x_wconf 82' lang='grc' dir='ltr'><strong><em>εἶχεν</em></strong></span> <span class='ocrx_word' id='word_1_58' title='bbox 914 804 1136 856; x_wconf 79' lang='grc' dir='ltr'><em>ὡρισμένον</em></span> <span class='ocrx_word' id='word_1_59' title='bbox 1168 806 1325 856; x_wconf 82' lang='grc' dir='ltr'><strong><em>χρόνον·</em></strong></span> <span class='ocrx_word' id='word_1_60' title='bbox 1359 801 1437 843; x_wconf 82' lang='grc' dir='ltr'><em>ἀλλ’</em></span> <span class='ocrx_word' id='word_1_61' title='bbox 1473 805 1545 851; x_wconf 84' lang='grc' dir='ltr'>εἰς</span> <span class='ocrx_word' id='word_1_62' title='bbox 1579 805 1670 844; x_wconf 86' lang='grc' dir='ltr'>δύο</span> <span class='ocrx_word' id='word_1_63' title='bbox 1703 803 1789 843; x_wconf 83' lang='grc' dir='ltr'><strong><em>ἀντὶ</em></strong></span> 
     </span>
     <span class='ocr_line' id='line_1_8' title="bbox 151 879 1085 931; baseline 0.001 -13"><span class='ocrx_word' id='word_1_64' title='bbox 151 886 221 930; x_wconf 84' lang='grc' dir='ltr'>τῆς</span> <span class='ocrx_word' id='word_1_65' title='bbox 269 879 428 927; x_wconf 80' lang='grc' dir='ltr'><strong><em>ἀδικίας</em></strong></span> <span class='ocrx_word' id='word_1_66' title='bbox 474 881 608 928; x_wconf 84' lang='grc' dir='ltr'><strong><em>&lt;εἰς&gt;</em></strong></span> <span class='ocrx_word' id='word_1_67' title='bbox 654 880 726 931; x_wconf 79' lang='grc' dir='ltr'>τὴν</span> <span class='ocrx_word' id='word_1_68' title='bbox 773 881 1085 931; x_wconf 78' lang='grc' dir='ltr'><strong><em>Κασσάνδραυ”.</em></strong></span> 
     </span>
    </p>

    <p class='ocr_par' dir='ltr' id='par_1_3' title="bbox 146 957 1792 2364">
     <span class='ocr_line' id='line_1_9' title="bbox 212 957 1785 1006; baseline -0.001 -11"><span class='ocrx_word' id='word_1_69' title='bbox 212 957 414 1006; x_wconf 86' lang='lat' dir='ltr'>Virgines</span> <span class='ocrx_word' id='word_1_70' title='bbox 461 958 607 1006; x_wconf 86' lang='lat' dir='ltr'>igitur,</span> <span class='ocrx_word' id='word_1_71' title='bbox 652 958 756 996; x_wconf 88' lang='lat' dir='ltr'>licet</span> <span class='ocrx_word' id='word_1_72' title='bbox 802 958 976 996; x_wconf 88' lang='lat' dir='ltr'>Troiani</span> <span class='ocrx_word' id='word_1_73' title='bbox 1023 967 1100 997; x_wconf 89' lang='lat' dir='ltr'>eas</span> <span class='ocrx_word' id='word_1_74' title='bbox 1148 958 1526 1006; x_wconf 80' lang='lat' dir='ltr'>persequerentur,</span> <span class='ocrx_word' id='word_1_75' title='bbox 1574 957 1785 995; x_wconf 83' lang='lat' dir='ltr'>comitum</span> 
     </span>
     <span class='ocr_line' id='line_1_10' title="bbox 151 1032 1789 1082; baseline -0.001 -11"><span class='ocrx_word' id='word_1_76' title='bbox 151 1034 392 1081; x_wconf 88' lang='lat' dir='ltr'>sagacitate</span> <span class='ocrx_word' id='word_1_77' title='bbox 426 1035 468 1072; x_wconf 93' lang='lat' dir='ltr'>et</span> <span class='ocrx_word' id='word_1_78' title='bbox 501 1033 728 1081; x_wconf 83' lang='lat' dir='ltr'>vigilantia</span> <span class='ocrx_word' id='word_1_79' title='bbox 759 1034 848 1072; x_wconf 83' lang='lat' dir='ltr'>fere</span> <span class='ocrx_word' id='word_1_80' title='bbox 881 1044 1058 1082; x_wconf 84' lang='lat' dir='ltr'>semper</span> <span class='ocrx_word' id='word_1_81' title='bbox 1089 1033 1242 1071; x_wconf 86' lang='lat' dir='ltr'>salvae</span> <span class='ocrx_word' id='word_1_82' title='bbox 1274 1032 1530 1071; x_wconf 82' lang='lat' dir='ltr'>evadebant.</span> <span class='ocrx_word' id='word_1_83' title='bbox 1564 1033 1641 1080; x_wconf 89' lang='lat' dir='ltr'>At,</span> <span class='ocrx_word' id='word_1_84' title='bbox 1675 1033 1789 1071; x_wconf 87' lang='lat' dir='ltr'>sicut</span> 
     </span>
     <span class='ocr_line' id='line_1_11' title="bbox 150 1108 1787 1156; baseline -0.001 -9"><span class='ocrx_word' id='word_1_85' title='bbox 150 1109 375 1148; x_wconf 82' lang='lat' dir='ltr'>Plutarchi</span> <span class='ocrx_word' id='word_1_86' title='bbox 416 1110 559 1148; x_wconf 90' lang='lat' dir='ltr'>aetate</span> <span class='ocrx_word' id='word_1_87' title='bbox 602 1110 750 1148; x_wconf 82' lang='lat' dir='ltr'>Zoilus</span> <span class='ocrx_word' id='word_1_88' title='bbox 791 1110 996 1148; x_wconf 81' lang='lat' dir='ltr'>sacerdos</span> <span class='ocrx_word' id='word_1_89' title='bbox 1039 1108 1357 1149; x_wconf 85' lang='lat' dir='ltr'>Orchomenius</span> <span class='ocrx_word' id='word_1_90' title='bbox 1398 1108 1615 1156; x_wconf 88' lang='lat' dir='ltr'>virginem</span> <span class='ocrx_word' id='word_1_91' title='bbox 1657 1118 1787 1154; x_wconf 87' lang='lat' dir='ltr'>quam</span> 
     </span>
     <span class='ocr_line' id='line_1_12' title="bbox 151 1183 1786 1234; baseline 0.001 -12"><span class='ocrx_word' id='word_1_92' title='bbox 151 1185 192 1223; x_wconf 92' lang='lat' dir='ltr'>in</span> <span class='ocrx_word' id='word_1_93' title='bbox 233 1185 453 1233; x_wconf 85' lang='lat' dir='ltr'>Agrioniis</span> <span class='ocrx_word' id='word_1_94' title='bbox 486 1185 641 1223; x_wconf 89' lang='lat' dir='ltr'>stricto</span> <span class='ocrx_word' id='word_1_95' title='bbox 674 1185 817 1233; x_wconf 87' lang='lat' dir='ltr'>gladio</span> <span class='ocrx_word' id='word_1_96' title='bbox 849 1185 1194 1234; x_wconf 79' lang='lat' dir='ltr'>persequebatur</span> <span class='ocrx_word' id='word_1_97' title='bbox 1226 1184 1458 1223; x_wconf 85' lang='lat' dir='ltr'>infeliciter</span> <span class='ocrx_word' id='word_1_98' title='bbox 1489 1184 1664 1222; x_wconf 81' lang='lat' dir='ltr'>necavit</span> <span class='ocrx_word' id='word_1_99' title='bbox 1697 1183 1786 1232; x_wconf 75' lang='lat' dir='ltr'>(Qu.</span> 
     </span>
     <span class='ocr_line' id='line_1_13' title="bbox 152 1259 1785 1308; baseline -0.002 -9"><span class='ocrx_word' id='word_1_100' title='bbox 152 1260 222 1301; x_wconf 81' lang='lat' dir='ltr'>Gr.</span> <span class='ocrx_word' id='word_1_101' title='bbox 265 1261 350 1308; x_wconf 85' lang='lat'>38),</span> <span class='ocrx_word' id='word_1_102' title='bbox 392 1260 455 1299; x_wconf 89' lang='lat' dir='ltr'>ita</span> <span class='ocrx_word' id='word_1_103' title='bbox 496 1259 667 1308; x_wconf 86' lang='lat' dir='ltr'>puellae</span> <span class='ocrx_word' id='word_1_104' title='bbox 709 1260 885 1299; x_wconf 90' lang='lat' dir='ltr'>cuidam</span> <span class='ocrx_word' id='word_1_105' title='bbox 931 1271 952 1299; x_wconf 95' lang='lat' dir='ltr'>e</span> <span class='ocrx_word' id='word_1_106' title='bbox 994 1259 1175 1299; x_wconf 90' lang='lat' dir='ltr'>Locride</span> <span class='ocrx_word' id='word_1_107' title='bbox 1207 1260 1371 1298; x_wconf 89' lang='lat' dir='ltr'>missae</span> <span class='ocrx_word' id='word_1_108' title='bbox 1404 1259 1568 1297; x_wconf 88' lang='lat' dir='ltr'>infelici</span> <span class='ocrx_word' id='word_1_109' title='bbox 1597 1259 1785 1306; x_wconf 85' lang='lat' dir='ltr'>quodam</span> 
     </span>
     <span class='ocr_line' id='line_1_14' title="bbox 150 1334 1789 1384; baseline -0.001 -10"><span class='ocrx_word' id='word_1_110' title='bbox 150 1345 254 1375; x_wconf 89' lang='lat' dir='ltr'>casu</span> <span class='ocrx_word' id='word_1_111' title='bbox 297 1335 460 1384; x_wconf 86' lang='lat' dir='ltr'>evenit,</span> <span class='ocrx_word' id='word_1_112' title='bbox 506 1337 555 1373; x_wconf 92' lang='lat' dir='ltr'>ut</span> <span class='ocrx_word' id='word_1_113' title='bbox 596 1335 800 1374; x_wconf 87' lang='lat' dir='ltr'>Traronis</span> <span class='ocrx_word' id='word_1_114' title='bbox 841 1335 883 1374; x_wconf 90' lang='lat' dir='ltr'>in</span> <span class='ocrx_word' id='word_1_115' title='bbox 927 1335 1035 1374; x_wconf 88' lang='lat' dir='ltr'>colle</span> <span class='ocrx_word' id='word_1_116' title='bbox 1079 1335 1309 1374; x_wconf 85' lang='lat' dir='ltr'>amitteret</span> <span class='ocrx_word' id='word_1_117' title='bbox 1351 1334 1504 1373; x_wconf 88' lang='lat' dir='ltr'>vitam.</span> <span class='ocrx_word' id='word_1_118' title='bbox 1548 1335 1789 1373; x_wconf 87' lang='lat' dir='ltr'>Locrenses</span> 
     </span>
     <span class='ocr_line' id='line_1_15' title="bbox 149 1410 1788 1460; baseline 0 -10"><span class='ocrx_word' id='word_1_119' title='bbox 149 1421 270 1460; x_wconf 88' lang='lat' dir='ltr'>vero,</span> <span class='ocrx_word' id='word_1_120' title='bbox 300 1421 485 1460; x_wconf 90' lang='lat' dir='ltr'>quorum</span> <span class='ocrx_word' id='word_1_121' title='bbox 513 1421 641 1449; x_wconf 87' lang='lat' dir='ltr'>curae</span> <span class='ocrx_word' id='word_1_122' title='bbox 669 1411 846 1460; x_wconf 89' lang='lat' dir='ltr'>misera,</span> <span class='ocrx_word' id='word_1_123' title='bbox 875 1413 925 1450; x_wconf 87' lang='lat' dir='ltr'>ut</span> <span class='ocrx_word' id='word_1_124' title='bbox 951 1412 1050 1450; x_wconf 86' lang='lat' dir='ltr'>tuta</span> <span class='ocrx_word' id='word_1_125' title='bbox 1078 1411 1298 1450; x_wconf 87' lang='lat' dir='ltr'>Minervae</span> <span class='ocrx_word' id='word_1_126' title='bbox 1325 1410 1378 1448; x_wconf 94' lang='lat' dir='ltr'>ad</span> <span class='ocrx_word' id='word_1_127' title='bbox 1397 1410 1551 1449; x_wconf 89' lang='lat' dir='ltr'>aedem</span> <span class='ocrx_word' id='word_1_128' title='bbox 1570 1412 1788 1460; x_wconf 84' lang='lat' dir='ltr'>evaderet,</span> 
     </span>
     <span class='ocr_line' id='line_1_16' title="bbox 150 1484 1785 1535; baseline 0.001 -10"><span class='ocrx_word' id='word_1_129' title='bbox 150 1487 243 1525; x_wconf 89' lang='lat' dir='ltr'>erat</span> <span class='ocrx_word' id='word_1_130' title='bbox 267 1487 523 1535; x_wconf 83' lang='lat' dir='ltr'>commissa,</span> <span class='ocrx_word' id='word_1_131' title='bbox 554 1488 776 1525; x_wconf 86' lang='lat' dir='ltr'>mortuam</span> <span class='ocrx_word' id='word_1_132' title='bbox 806 1487 1106 1535; x_wconf 85' lang='lat' dir='ltr'>sepeliverunt</span> <span class='ocrx_word' id='word_1_133' title='bbox 1121 1484 1319 1533; x_wconf 85' lang='lat' dir='ltr'>(videsne</span> <span class='ocrx_word' id='word_1_134' title='bbox 1337 1496 1392 1524; x_wconf 91' lang='lat' dir='ltr'>ne</span> <span class='ocrx_word' id='word_1_135' title='bbox 1409 1486 1592 1524; x_wconf 86' lang='lat' dir='ltr'>verbum</span> <span class='ocrx_word' id='word_1_136' title='bbox 1611 1487 1785 1534; x_wconf 88' lang='lat' dir='ltr'>quidem</span> 
     </span>
     <span class='ocr_line' id='line_1_17' title="bbox 149 1561 1791 1610; baseline 0.001 -10"><span class='ocrx_word' id='word_1_137' title='bbox 149 1561 241 1601; x_wconf 90' lang='lat' dir='ltr'>fieri</span> <span class='ocrx_word' id='word_1_138' title='bbox 279 1562 330 1600; x_wconf 94' lang='lat' dir='ltr'>de</span> <span class='ocrx_word' id='word_1_139' title='bbox 362 1562 676 1600; x_wconf 88' lang='lat' dir='ltr'>consuetudine</span> <span class='ocrx_word' id='word_1_140' title='bbox 710 1572 735 1600; x_wconf 95' lang='lat' dir='ltr'>a</span> <span class='ocrx_word' id='word_1_141' title='bbox 768 1561 1040 1600; x_wconf 85' lang='lat' dir='ltr'>Callimacho</span> <span class='ocrx_word' id='word_1_142' title='bbox 1074 1563 1338 1610; x_wconf 84' lang='lat' dir='ltr'>memorata,</span> <span class='ocrx_word' id='word_1_143' title='bbox 1368 1571 1453 1609; x_wconf 91' lang='lat' dir='ltr'>qua</span> <span class='ocrx_word' id='word_1_144' title='bbox 1479 1562 1653 1601; x_wconf 87' lang='lat' dir='ltr'>Troiani</span> <span class='ocrx_word' id='word_1_145' title='bbox 1681 1574 1791 1602; x_wconf 90' lang='lat' dir='ltr'>mor—</span> 
     </span>
     <span class='ocr_line' id='line_1_18' title="bbox 146 1637 1792 1687; baseline 0.001 -11"><span class='ocrx_word' id='word_1_146' title='bbox 146 1639 248 1676; x_wconf 91' lang='lat' dir='ltr'>tuas</span> <span class='ocrx_word' id='word_1_147' title='bbox 276 1637 530 1676; x_wconf 86' lang='lat' dir='ltr'>comburere</span> <span class='ocrx_word' id='word_1_148' title='bbox 564 1637 685 1676; x_wconf 88' lang='lat' dir='ltr'>soliti</span> <span class='ocrx_word' id='word_1_149' title='bbox 713 1637 850 1676; x_wconf 87' lang='lat' dir='ltr'>fuisse</span> <span class='ocrx_word' id='word_1_150' title='bbox 878 1637 1135 1676; x_wconf 87' lang='lat' dir='ltr'>dicebantur</span> <span class='ocrx_word' id='word_1_151' title='bbox 1147 1638 1180 1682; x_wconf 83' lang='lat'>?)</span> <span class='ocrx_word' id='word_1_152' title='bbox 1217 1639 1438 1676; x_wconf 87' lang='lat' dir='ltr'>maestam</span> <span class='ocrx_word' id='word_1_153' title='bbox 1467 1647 1559 1676; x_wconf 88' lang='lat' dir='ltr'>rem</span> <span class='ocrx_word' id='word_1_154' title='bbox 1588 1641 1792 1687; x_wconf 88' lang='lat' dir='ltr'>parentes</span> 
     </span>
     <span class='ocr_line' id='line_1_19' title="bbox 146 1713 1791 1763; baseline 0.002 -12"><span class='ocrx_word' id='word_1_155' title='bbox 146 1713 416 1760; x_wconf 85' lang='lat' dir='ltr'>celaverunt,</span> <span class='ocrx_word' id='word_1_156' title='bbox 462 1713 802 1760; x_wconf 84' lang='lat' dir='ltr'>magistratibus</span> <span class='ocrx_word' id='word_1_157' title='bbox 843 1713 950 1752; x_wconf 88' lang='lat' dir='ltr'>solis</span> <span class='ocrx_word' id='word_1_158' title='bbox 994 1713 1267 1751; x_wconf 89' lang='lat' dir='ltr'>nuntiarunt.</span> <span class='ocrx_word' id='word_1_159' title='bbox 1302 1713 1423 1751; x_wconf 85' lang='lat' dir='ltr'>Tunc</span> <span class='ocrx_word' id='word_1_160' title='bbox 1455 1720 1701 1763; x_wconf 83' lang='lat' dir='ltr'>senatores,</span> <span class='ocrx_word' id='word_1_161' title='bbox 1739 1726 1791 1754; x_wconf 89' lang='lat' dir='ltr'>ne</span> 
     </span>
     <span class='ocr_line' id='line_1_20' title="bbox 147 1787 1792 1838; baseline 0.002 -12"><span class='ocrx_word' id='word_1_162' title='bbox 147 1788 234 1827; x_wconf 91' lang='lat' dir='ltr'>tale</span> <span class='ocrx_word' id='word_1_163' title='bbox 267 1789 368 1836; x_wconf 90' lang='lat' dir='ltr'>quid</span> <span class='ocrx_word' id='word_1_164' title='bbox 402 1788 563 1826; x_wconf 87' lang='lat' dir='ltr'>iterum</span> <span class='ocrx_word' id='word_1_165' title='bbox 595 1787 738 1836; x_wconf 86' lang='lat' dir='ltr'>fieret,</span> <span class='ocrx_word' id='word_1_166' title='bbox 775 1788 1032 1827; x_wconf 86' lang='lat' dir='ltr'>edixerunt:</span> <span class='ocrx_word' id='word_1_167' title='bbox 1065 1788 1300 1837; x_wconf 89' lang='lat' dir='ltr'>„populum</span> <span class='ocrx_word' id='word_1_168' title='bbox 1328 1788 1416 1826; x_wconf 92' lang='lat' dir='ltr'>iam</span> <span class='ocrx_word' id='word_1_169' title='bbox 1441 1789 1550 1827; x_wconf 85' lang='lat' dir='ltr'>satis</span> <span class='ocrx_word' id='word_1_170' title='bbox 1577 1800 1792 1838; x_wconf 85' lang='lat' dir='ltr'>superque</span> 
     </span>
     <span class='ocr_line' id='line_1_21' title="bbox 150 1863 1789 1912; baseline 0.001 -10"><span class='ocrx_word' id='word_1_171' title='bbox 150 1863 324 1902; x_wconf 88' lang='lat' dir='ltr'>oraculo</span> <span class='ocrx_word' id='word_1_172' title='bbox 357 1864 643 1912; x_wconf 84' lang='lat' dir='ltr'>oboedivisse‚</span> <span class='ocrx_word' id='word_1_173' title='bbox 677 1864 977 1912; x_wconf 82' lang='lat' dir='ltr'>praeterlapsa</span> <span class='ocrx_word' id='word_1_174' title='bbox 1010 1873 1107 1902; x_wconf 91' lang='lat' dir='ltr'>esse</span> <span class='ocrx_word' id='word_1_175' title='bbox 1140 1863 1317 1902; x_wconf 87' lang='lat' dir='ltr'>saecula</span> <span class='ocrx_word' id='word_1_176' title='bbox 1343 1863 1501 1910; x_wconf 91' lang='lat' dir='ltr'>quibus</span> <span class='ocrx_word' id='word_1_177' title='bbox 1528 1865 1789 1904; x_wconf 87' lang='lat' dir='ltr'>sacrificium</span> 
     </span>
     <span class='ocr_line' id='line_1_22' title="bbox 150 1940 1789 1988; baseline 0 -9"><span class='ocrx_word' id='word_1_178' title='bbox 150 1941 268 1979; x_wconf 87' lang='lat' dir='ltr'>esset</span> <span class='ocrx_word' id='word_1_179' title='bbox 298 1940 565 1978; x_wconf 88' lang='lat' dir='ltr'>mittendum</span> <span class='ocrx_word' id='word_1_180' title='bbox 599 1941 747 1988; x_wconf 89' lang='lat' dir='ltr'>itaque</span> <span class='ocrx_word' id='word_1_181' title='bbox 779 1940 949 1988; x_wconf 87' lang='lat' dir='ltr'>placere</span> <span class='ocrx_word' id='word_1_182' title='bbox 984 1942 1032 1978; x_wconf 91' lang='lat' dir='ltr'>ut</span> <span class='ocrx_word' id='word_1_183' title='bbox 1063 1950 1162 1978; x_wconf 93' lang='lat' dir='ltr'>mos</span> <span class='ocrx_word' id='word_1_184' title='bbox 1190 1940 1469 1988; x_wconf 88' lang='lat' dir='ltr'>abrogetur.”</span> <span class='ocrx_word' id='word_1_185' title='bbox 1502 1940 1610 1979; x_wconf 83' lang='lat' dir='ltr'>Ecce</span> <span class='ocrx_word' id='word_1_186' title='bbox 1643 1943 1789 1980; x_wconf 86' lang='lat' dir='ltr'>autem</span> 
     </span>
     <span class='ocr_line' id='line_1_23' title="bbox 149 2015 1789 2064; baseline 0 -10"><span class='ocrx_word' id='word_1_187' title='bbox 149 2015 362 2054; x_wconf 83' lang='lat' dir='ltr'>sterilitas</span> <span class='ocrx_word' id='word_1_188' title='bbox 395 2025 523 2063; x_wconf 88' lang='lat' dir='ltr'>agros</span> <span class='ocrx_word' id='word_1_189' title='bbox 555 2015 760 2054; x_wconf 82' lang='lat' dir='ltr'>vexabat.</span> <span class='ocrx_word' id='word_1_190' title='bbox 793 2015 902 2053; x_wconf 87' lang='lat' dir='ltr'>Tum</span> <span class='ocrx_word' id='word_1_191' title='bbox 938 2025 962 2053; x_wconf 90' lang='lat' dir='ltr'>a</span> <span class='ocrx_word' id='word_1_192' title='bbox 995 2015 1078 2053; x_wconf 89' lang='lat' dir='ltr'>diis</span> <span class='ocrx_word' id='word_1_193' title='bbox 1111 2015 1328 2053; x_wconf 88' lang='lat' dir='ltr'>admoniti</span> <span class='ocrx_word' id='word_1_194' title='bbox 1359 2025 1527 2053; x_wconf 87' lang='lat' dir='ltr'>morem</span> <span class='ocrx_word' id='word_1_195' title='bbox 1563 2016 1789 2064; x_wconf 87' lang='lat' dir='ltr'>antiquum</span> 
     </span>
     <span class='ocr_line' id='line_1_24' title="bbox 149 2090 1791 2138; baseline 0 -9"><span class='ocrx_word' id='word_1_196' title='bbox 149 2091 389 2129; x_wconf 89' lang='lat' dir='ltr'>Locrenses</span> <span class='ocrx_word' id='word_1_197' title='bbox 421 2091 747 2138; x_wconf 87' lang='lat' dir='ltr'>instaurarunt,</span> <span class='ocrx_word' id='word_1_198' title='bbox 778 2091 854 2129; x_wconf 89' lang='lat' dir='ltr'>sed</span> <span class='ocrx_word' id='word_1_199' title='bbox 883 2100 958 2138; x_wconf 91' lang='lat' dir='ltr'>pro</span> <span class='ocrx_word' id='word_1_200' title='bbox 986 2090 1155 2129; x_wconf 91' lang='lat' dir='ltr'>duabus</span> <span class='ocrx_word' id='word_1_201' title='bbox 1185 2113 1237 2118; x_wconf 90' lang='lat'>-—</span> <span class='ocrx_word' id='word_1_202' title='bbox 1267 2091 1377 2129; x_wconf 89' lang='lat' dir='ltr'>duae</span> <span class='ocrx_word' id='word_1_203' title='bbox 1401 2091 1517 2128; x_wconf 89' lang='lat' dir='ltr'>enim</span> <span class='ocrx_word' id='word_1_204' title='bbox 1547 2091 1791 2130; x_wconf 85' lang='lat' dir='ltr'>mittendae</span> 
     </span>
     <span class='ocr_line' id='line_1_25' title="bbox 150 2166 1792 2214; baseline 0.001 -10"><span class='ocrx_word' id='word_1_205' title='bbox 150 2167 278 2205; x_wconf 84' lang='lat' dir='ltr'>erant</span> <span class='ocrx_word' id='word_1_206' title='bbox 321 2166 527 2214; x_wconf 90' lang='lat' dir='ltr'>quoniam</span> <span class='ocrx_word' id='word_1_207' title='bbox 570 2166 698 2213; x_wconf 87' lang='lat' dir='ltr'>longo</span> <span class='ocrx_word' id='word_1_208' title='bbox 740 2167 939 2214; x_wconf 86' lang='lat' dir='ltr'>tempore</span> <span class='ocrx_word' id='word_1_209' title='bbox 972 2166 1231 2204; x_wconf 88' lang='lat' dir='ltr'>intermisso</span> <span class='ocrx_word' id='word_1_210' title='bbox 1264 2167 1448 2213; x_wconf 83' lang='lat' dir='ltr'>utraque</span> <span class='ocrx_word' id='word_1_211' title='bbox 1480 2175 1608 2204; x_wconf 90' lang='lat' dir='ltr'>serva</span> <span class='ocrx_word' id='word_1_212' title='bbox 1640 2166 1792 2205; x_wconf 86' lang='lat' dir='ltr'>Troiae</span> 
     </span>
     <span class='ocr_line' id='line_1_26' title="bbox 151 2240 1789 2280; baseline 0 0"><span class='ocrx_word' id='word_1_213' title='bbox 151 2243 326 2280; x_wconf 87' lang='lat' dir='ltr'>mortua</span> <span class='ocrx_word' id='word_1_214' title='bbox 359 2242 453 2280; x_wconf 90' lang='lat' dir='ltr'>erat</span> <span class='ocrx_word' id='word_1_215' title='bbox 489 2263 539 2268; x_wconf 87' lang='lat'>-—</span> <span class='ocrx_word' id='word_1_216' title='bbox 576 2251 710 2279; x_wconf 89' lang='lat' dir='ltr'>unam</span> <span class='ocrx_word' id='word_1_217' title='bbox 743 2241 874 2280; x_wconf 90' lang='lat' dir='ltr'>modo</span> <span class='ocrx_word' id='word_1_218' title='bbox 907 2251 1085 2279; x_wconf 89' lang='lat' dir='ltr'>servam</span> <span class='ocrx_word' id='word_1_219' title='bbox 1119 2241 1344 2279; x_wconf 90' lang='lat' dir='ltr'>Minervae</span> <span class='ocrx_word' id='word_1_220' title='bbox 1368 2240 1581 2279; x_wconf 88' lang='lat' dir='ltr'>Troianae</span> <span class='ocrx_word' id='word_1_221' title='bbox 1609 2241 1789 2280; x_wconf 88' lang='lat' dir='ltr'>devove-</span> 
     </span>
     <span class='ocr_line' id='line_1_27' title="bbox 149 2317 780 2364; baseline 0 -9"><span class='ocrx_word' id='word_1_222' title='bbox 149 2318 275 2364; x_wconf 91' lang='lat' dir='ltr'>runt;</span> <span class='ocrx_word' id='word_1_223' title='bbox 310 2317 373 2355; x_wconf 90' lang='lat' dir='ltr'>sic</span> <span class='ocrx_word' id='word_1_224' title='bbox 405 2317 518 2354; x_wconf 90' lang='lat' dir='ltr'>satis</span> <span class='ocrx_word' id='word_1_225' title='bbox 552 2326 649 2354; x_wconf 91' lang='lat' dir='ltr'>esse</span> <span class='ocrx_word' id='word_1_226' title='bbox 682 2317 780 2355; x_wconf 89' lang='lat' dir='ltr'>rati.</span> 
     </span>
    </p>

    <p class='ocr_par' dir='ltr' id='par_1_4' title="bbox 149 2391 1789 2883">
     <span class='ocr_line' id='line_1_28' title="bbox 210 2391 1788 2432; baseline 0.001 -1"><span class='ocrx_word' id='word_1_227' title='bbox 210 2392 357 2431; x_wconf 90' lang='lat' dir='ltr'>Monet</span> <span class='ocrx_word' id='word_1_228' title='bbox 404 2391 622 2430; x_wconf 87' lang='lat' dir='ltr'>scholium</span> <span class='ocrx_word' id='word_1_229' title='bbox 670 2392 752 2430; x_wconf 90' lang='lat' dir='ltr'>hac</span> <span class='ocrx_word' id='word_1_230' title='bbox 798 2391 840 2430; x_wconf 85' lang='lat' dir='ltr'>in</span> <span class='ocrx_word' id='word_1_231' title='bbox 890 2402 936 2431; x_wconf 89' lang='lat' dir='ltr'>re</span> <span class='ocrx_word' id='word_1_232' title='bbox 984 2392 1226 2431; x_wconf 88' lang='lat' dir='ltr'>Locrenses</span> <span class='ocrx_word' id='word_1_233' title='bbox 1274 2391 1499 2430; x_wconf 88' lang='lat' dir='ltr'>oraculum</span> <span class='ocrx_word' id='word_1_234' title='bbox 1544 2402 1627 2430; x_wconf 93' lang='lat' dir='ltr'>non</span> <span class='ocrx_word' id='word_1_235' title='bbox 1671 2395 1788 2432; x_wconf 87' lang='lat' dir='ltr'>recte</span> 
     </span>
     <span class='ocr_line' id='line_1_29' title="bbox 149 2467 1786 2516; baseline 0.001 -11"><span class='ocrx_word' id='word_1_236' title='bbox 149 2476 246 2505; x_wconf 88' lang='lat' dir='ltr'>esse</span> <span class='ocrx_word' id='word_1_237' title='bbox 300 2467 634 2514; x_wconf 72' lang='lat' dir='ltr'>interpretatos,</span> <span class='ocrx_word' id='word_1_238' title='bbox 677 2467 791 2514; x_wconf 91' lang='lat' dir='ltr'>quod</span> <span class='ocrx_word' id='word_1_239' title='bbox 833 2467 949 2505; x_wconf 90' lang='lat' dir='ltr'>haud</span> <span class='ocrx_word' id='word_1_240' title='bbox 1003 2467 1131 2505; x_wconf 88' lang='lat' dir='ltr'>dubie</span> <span class='ocrx_word' id='word_1_241' title='bbox 1174 2467 1298 2507; x_wconf 87' lang='lat' dir='ltr'>binas</span> <span class='ocrx_word' id='word_1_242' title='bbox 1355 2477 1510 2505; x_wconf 87' lang='lat' dir='ltr'>servas</span> <span class='ocrx_word' id='word_1_243' title='bbox 1565 2468 1786 2516; x_wconf 85' lang='lat' dir='ltr'>exigeret;</span> 
     </span>
     <span class='ocr_line' id='line_1_30' title="bbox 150 2542 1789 2591; baseline 0.001 -11"><span class='ocrx_word' id='word_1_244' title='bbox 150 2542 201 2580; x_wconf 90' lang='lat' dir='ltr'>de</span> <span class='ocrx_word' id='word_1_245' title='bbox 243 2543 440 2589; x_wconf 86' lang='lat' dir='ltr'>tempore</span> <span class='ocrx_word' id='word_1_246' title='bbox 483 2543 634 2580; x_wconf 91' lang='lat' dir='ltr'>autem</span> <span class='ocrx_word' id='word_1_247' title='bbox 677 2542 737 2580; x_wconf 90' lang='lat' dir='ltr'>nil</span> <span class='ocrx_word' id='word_1_248' title='bbox 770 2542 908 2580; x_wconf 85' lang='lat' dir='ltr'>fuisse</span> <span class='ocrx_word' id='word_1_249' title='bbox 941 2544 1174 2581; x_wconf 48' lang='lat' dir='ltr'>statutum‘</span> <span class='ocrx_word' id='word_1_250' title='bbox 1211 2542 1330 2591; x_wconf 80' lang='lat' dir='ltr'>Quod</span> <span class='ocrx_word' id='word_1_251' title='bbox 1373 2542 1588 2581; x_wconf 89' lang='lat' dir='ltr'>scholium</span> <span class='ocrx_word' id='word_1_252' title='bbox 1623 2546 1789 2588; x_wconf 78' lang='lat' dir='ltr'>(exstat</span> 
     </span>
     <span class='ocr_line' id='line_1_31' title="bbox 150 2617 1786 2667; baseline 0.001 -12"><span class='ocrx_word' id='word_1_253' title='bbox 150 2617 202 2655; x_wconf 90' lang='lat' dir='ltr'>ad</span> <span class='ocrx_word' id='word_1_254' title='bbox 251 2627 315 2656; x_wconf 87' lang='lat' dir='ltr'>vs.</span> <span class='ocrx_word' id='word_1_255' title='bbox 367 2618 495 2662; x_wconf 85' lang='grc'>1159)</span> <span class='ocrx_word' id='word_1_256' title='bbox 543 2618 709 2665; x_wconf 85' lang='lat' dir='ltr'>optime</span> <span class='ocrx_word' id='word_1_257' title='bbox 763 2618 967 2666; x_wconf 87' lang='lat' dir='ltr'>coniungi</span> <span class='ocrx_word' id='word_1_258' title='bbox 1022 2619 1170 2666; x_wconf 90' lang='lat' dir='ltr'>potest</span> <span class='ocrx_word' id='word_1_259' title='bbox 1216 2628 1315 2656; x_wconf 89' lang='lat' dir='ltr'>cum</span> <span class='ocrx_word' id='word_1_260' title='bbox 1368 2618 1440 2666; x_wconf 90' lang='lat' dir='ltr'>iis,</span> <span class='ocrx_word' id='word_1_261' title='bbox 1492 2628 1601 2665; x_wconf 85' lang='lat' dir='ltr'>quae</span> <span class='ocrx_word' id='word_1_262' title='bbox 1652 2629 1786 2667; x_wconf 87' lang='lat' dir='ltr'>supra</span> 
     </span>
     <span class='ocr_line' id='line_1_32' title="bbox 151 2692 1787 2743; baseline 0.002 -13"><span class='ocrx_word' id='word_1_263' title='bbox 151 2702 176 2730; x_wconf 89' lang='lat' dir='ltr'>a</span> <span class='ocrx_word' id='word_1_264' title='bbox 216 2692 394 2731; x_wconf 88' lang='lat' dir='ltr'>Timaeo</span> <span class='ocrx_word' id='word_1_265' title='bbox 438 2693 553 2740; x_wconf 88' lang='lat' dir='ltr'>(Lyc.</span> <span class='ocrx_word' id='word_1_266' title='bbox 597 2693 722 2731; x_wconf 80' lang='lat' dir='ltr'>AleX.</span> <span class='ocrx_word' id='word_1_267' title='bbox 756 2694 883 2739; x_wconf 84' lang='grc'>1155)</span> <span class='ocrx_word' id='word_1_268' title='bbox 913 2694 1184 2743; x_wconf 86' lang='lat' dir='ltr'>accepimus,</span> <span class='ocrx_word' id='word_1_269' title='bbox 1229 2704 1397 2733; x_wconf 90' lang='lat' dir='ltr'>necnon</span> <span class='ocrx_word' id='word_1_270' title='bbox 1439 2704 1539 2732; x_wconf 86' lang='lat' dir='ltr'>cum</span> <span class='ocrx_word' id='word_1_271' title='bbox 1571 2694 1642 2742; x_wconf 84' lang='lat' dir='ltr'>iis,</span> <span class='ocrx_word' id='word_1_272' title='bbox 1678 2704 1787 2741; x_wconf 87' lang='lat' dir='ltr'>quae</span> 
     </span>
     <span class='ocr_line' id='line_1_33' title="bbox 150 2768 1784 2816; baseline 0.001 -10"><span class='ocrx_word' id='word_1_273' title='bbox 150 2768 195 2806; x_wconf 89' lang='lat' dir='ltr'>in</span> <span class='ocrx_word' id='word_1_274' title='bbox 242 2768 436 2816; x_wconf 88' lang='lat' dir='ltr'>epitoma</span> <span class='ocrx_word' id='word_1_275' title='bbox 482 2768 621 2806; x_wconf 90' lang='lat' dir='ltr'>relata</span> <span class='ocrx_word' id='word_1_276' title='bbox 655 2790 708 2795; x_wconf 86' lang='lat'>—-</span> <span class='ocrx_word' id='word_1_277' title='bbox 742 2769 818 2806; x_wconf 90' lang='lat' dir='ltr'>sed</span> <span class='ocrx_word' id='word_1_278' title='bbox 857 2768 973 2807; x_wconf 91' lang='lat' dir='ltr'>haud</span> <span class='ocrx_word' id='word_1_279' title='bbox 1016 2769 1145 2808; x_wconf 91' lang='lat' dir='ltr'>dubie</span> <span class='ocrx_word' id='word_1_280' title='bbox 1186 2769 1364 2808; x_wconf 87' lang='lat' dir='ltr'>Timaeo</span> <span class='ocrx_word' id='word_1_281' title='bbox 1405 2769 1551 2807; x_wconf 86' lang='lat' dir='ltr'>debita</span> <span class='ocrx_word' id='word_1_282' title='bbox 1584 2791 1636 2796; x_wconf 93' lang='lat'>—</span> <span class='ocrx_word' id='word_1_283' title='bbox 1670 2770 1784 2808; x_wconf 89' lang='lat' dir='ltr'>inve·</span> 
     </span>
     <span class='ocr_line' id='line_1_34' title="bbox 151 2843 315 2883; baseline 0.018 -3"><span class='ocrx_word' id='word_1_284' title='bbox 151 2843 315 2883; x_wconf 71' lang='lat' dir='ltr'>nimus</span> 
     </span>
    </p>

    <p class='ocr_par' dir='ltr' id='par_1_5' title="bbox 150 2917 1786 3042">
     <span class='ocr_line' id='line_1_35' title="bbox 209 2917 1786 2967; baseline 0 -10"><span class='ocrx_word' id='word_1_285' title='bbox 209 2917 459 2957; x_wconf 87' lang='lat' dir='ltr'>Conicimus</span> <span class='ocrx_word' id='word_1_286' title='bbox 501 2919 636 2964; x_wconf 82' lang='lat' dir='ltr'>igitur</span> <span class='ocrx_word' id='word_1_287' title='bbox 678 2918 806 2967; x_wconf 87' lang='lat' dir='ltr'>paulo</span> <span class='ocrx_word' id='word_1_288' title='bbox 848 2920 947 2966; x_wconf 87' lang='lat' dir='ltr'>post</span> <span class='ocrx_word' id='word_1_289' title='bbox 989 2919 1154 2958; x_wconf 89' lang='lat' dir='ltr'>bellum</span> <span class='ocrx_word' id='word_1_290' title='bbox 1187 2920 1450 2958; x_wconf 86' lang='lat' dir='ltr'>Phocaicum</span> <span class='ocrx_word' id='word_1_291' title='bbox 1486 2929 1656 2958; x_wconf 86' lang='lat' dir='ltr'>morem</span> <span class='ocrx_word' id='word_1_292' title='bbox 1690 2929 1786 2958; x_wconf 89' lang='lat' dir='ltr'>esse</span> 
     </span>
     <span class='ocr_line' id='line_1_36' title="bbox 150 2993 1555 3042; baseline 0.001 -12"><span class='ocrx_word' id='word_1_293' title='bbox 150 2993 470 3042; x_wconf 86' lang='lat' dir='ltr'>interruptum,</span> <span class='ocrx_word' id='word_1_294' title='bbox 503 2995 656 3042; x_wconf 88' lang='lat' dir='ltr'>postea</span> <span class='ocrx_word' id='word_1_295' title='bbox 689 3004 791 3032; x_wconf 88' lang='lat' dir='ltr'>vero</span> <span class='ocrx_word' id='word_1_296' title='bbox 824 2994 868 3031; x_wconf 91' lang='lat' dir='ltr'>in</span> <span class='ocrx_word' id='word_1_297' title='bbox 900 2994 1121 3042; x_wconf 90' lang='lat' dir='ltr'>integrum</span> <span class='ocrx_word' id='word_1_298' title='bbox 1155 3005 1252 3033; x_wconf 90' lang='lat' dir='ltr'>esse</span> <span class='ocrx_word' id='word_1_299' title='bbox 1285 2995 1555 3033; x_wconf 88' lang='lat' dir='ltr'>restitutum.</span> 
     </span>
    </p>
   </div>
  </div>
 </body>
</html>
