2200 3487
472 342 551 381 194
939 351 991 378 DE
1024 350 1310 379 EUGAMMONIS
1343 350 1598 379 TELEGONIA.

467 461 523 515 ἧς
565 468 686 511 παῖς
727 458 787 514 ἦν
823 463 1134 514 Τροφώνιος
1166 463 1384 510 σκότιος.
1419 459 1529 503 οὗτοι
1562 464 1603 503 ἐν
1627 463 1760 503 ’Ἡλιδι
1792 470 1970 515 ταμιεῖον
2001 483 2094 518 χρυ-

467 546 565 579 σοῦν
582 542 631 586 (ἳ)
674 539 968 578 κατεσκεύασαν
1002 537 1154 591 Αὖγείᾳ
1189 562 1241 567 -
1275 538 1462 578 ἔκλεπτον
1494 547 1572 578 τῶν
1604 542 1814 591 χρημάτων
1847 541 1946 592 ἅμα
1979 546 2094 593 Κερ-

465 616 638 665 κυόνι,
678 612 720 660 ὃς
763 609 813 664 ἧν
856 613 1020 665 γνήσιος
1065 614 1310 665 Ἀγαμήδους
1353 614 1418 653 καὶ
1445 612 1682 666 Ἐπικάστης
1716 617 1812 663 υἱός.
1846 619 2094 667 Agamedes

464 692 596 740 igitur
640 688 923 739 Stymphalius
964 699 1061 728 cum
1099 691 1294 739 privigno
1336 691 1581 739 Trophonio
1624 695 1667 731 et
1700 691 1919 741 Cercyone
1951 694 2096 733 scelus

464 767 795 806 commiserunt.
825 765 931 814 Quid
954 769 1100 805 autem
1120 767 1277 814 Minyis
1295 777 1392 804 cum
1413 777 1512 815 rege
1530 767 1792 816 Stymphali,
1813 770 1931 808 urbis
1949 771 2096 818 procul

465 854 489 881 a
529 842 750 891 Triphylia
790 842 833 880 in
865 842 1071 881 Arcadiae
1104 844 1226 890 parte
1259 842 1457 880 orientali
1489 843 1634 881 sitae?
1668 843 1774 891 Quid
1807 845 1963 892 Minyis
1994 856 2093 884 cum

465 919 708 967 Trophonio
725 918 799 956 illo
816 928 897 956 non
917 919 1092 966 Zeyitz'mo
1110 919 1296 966 coniuyz'o
1313 913 1429 956 orto?
1448 919 1571 956 Haud
1591 920 1708 957 enim
1728 919 1964 958 verisimile
1984 920 2095 958 vide-

464 997 535 1033 tur
567 995 734 1042 Minyas
771 993 1030 1044 Triphyliam
1062 994 1301 1032 incolentes
1333 993 1514 1032 finxisse
1542 995 1748 1041 mythum
1776 995 1819 1032 in
1846 1005 1928 1042 quo
1959 991 2092 1044 Stym-

459 1071 626 1120 phaliae
654 1080 748 1117 rex,
784 1070 940 1108 alienae
973 1071 1105 1118 igitur
1138 1071 1282 1118 gentis
1316 1070 1446 1108 homo
1479 1081 1501 1109 e
1534 1071 1710 1118 regione
1743 1080 1873 1118 quam
1904 1071 2098 1109 maxime

464 1147 653 1194 remota,
682 1146 769 1193 γεω·
798 1145 928 1184 Elidis
955 1146 1211 1184 thesaurum
1240 1144 1492 1184 aedificasse
1520 1146 1749 1184 diceretur.
1773 1146 1880 1184 Nam
1902 1155 1985 1193 quo
2002 1156 2100 1184 con-

464 1222 563 1260 silio
580 1231 707 1260 suum
725 1221 1022 1269 Trophonium
1041 1231 1139 1259 curn
1158 1219 1245 1259 filio
1265 1221 1410 1268 spurio
1429 1220 1637 1259 obscurae
1656 1221 1883 1259 cuiusdam
1904 1221 2098 1270 reginae,

465 1297 732 1345 Agamedem
759 1307 884 1335 sumn
912 1306 1009 1334 cum
1038 1296 1189 1343 ignoto
1216 1305 1316 1343 rege
1334 1295 1452 1333 urbis
1471 1295 1616 1343 procul
1636 1295 1919 1334 absconditae
1937 1297 2102 1334 mutas-

464 1373 593 1411 sent?
621 1372 765 1411 Gloria
781 1374 930 1409 autem
949 1381 1138 1418 quanam
1156 1370 1323 1420 Minyae
1341 1373 1544 1418 poterant
1561 1371 1689 1420 affici,
1709 1372 1746 1410 si
1766 1369 1904 1409 Arcas
1921 1371 2094 1418 quidam

465 1448 610 1486 Eleum
651 1447 888 1495 spoliaret?
931 1447 1071 1484 Immo
1114 1446 1194 1484 hae
1237 1446 1525 1494 mutationes,
1572 1447 1736 1484 mentio
1779 1445 1958 1484 Daedali
1988 1446 2098 1485 forte

463 1523 640 1562 fortuna
672 1523 782 1570 apud
815 1522 1002 1569 Augiam
1035 1522 1248 1569 degentis,
1285 1521 1472 1569 produnt
1503 1521 1711 1560 seriorem
1746 1521 1992 1570 μυθοποιόν.

529 1598 631 1647 Quis
680 1600 827 1636 autem
877 1597 1009 1635 fuerit
1055 1596 1128 1635 ille
1177 1596 1355 1635 dubium
1406 1606 1502 1635 esse
1551 1606 1636 1634 non
1684 1598 1846 1645 potest,
1896 1607 1994 1635 cum
2043 1607 2096 1635 ex

469 1674 619 1712 Proclo
679 1675 849 1711 constet
905 1672 1253 1720 Eugammonem
1301 1670 1571 1719 Cyrenaeum
1618 1671 1659 1709 in
1710 1671 1943 1719 Telegonia
1988 1672 2100 1710 hanc

468 1749 662 1788 fabulam
683 1749 849 1796 Augiae
864 1750 1105 1795 tractasse;
1125 1747 1177 1786 ab
1196 1747 1289 1795 hoc,
1311 1748 1475 1795 opinor,
1497 1745 1672 1785 Charax
1693 1748 1848 1795 postea
1865 1747 2095 1785 materiam

467 1835 594 1863 suam
644 1825 874 1862 mutuatus
922 1824 1001 1862 est.
1050 1823 1299 1870 Antequam
1349 1832 1451 1860 vero
1500 1820 1668 1860 efficere
1716 1832 1937 1870 conemur,
1986 1822 2099 1860 unde

467 1901 740 1948 Eugammon
789 1900 1097 1947 argumentum
1148 1898 1326 1946 petierit
1373 1899 1416 1935 et
1458 1907 1533 1935 cur
1575 1896 1770 1944 Cyrenae
1818 1898 2096 1945 potissimum

466 1975 698 2023 Trophonii
732 1975 914 2012 historia
946 1975 1004 2012 sit
1037 1975 1244 2021 tractata,
1276 1972 1645 2021 praemittendam
1675 1974 1778 2020 puto
1805 1972 1939 2010 aliam
1957 1972 2098 2011 obser-

467 2052 686 2090 vationem
719 2051 770 2088 de
803 2049 1120 2087 Psammetichi
1153 2048 1469 2097 stipendiariis,
1505 2058 1612 2094 quos
1645 2047 1849 2095 mythum
1883 2047 2097 2086 Graecum

467 2128 510 2165 in
559 2127 806 2174 Aegyptum
856 2125 1157 2163 introduxisse
1215 2126 1258 2162 et
1305 2123 1558 2171 divulgasse
1610 2122 1807 2171 perhibet
1854 2122 2100 2161 Muellerus.

467 2203 623 2241 Narrat
672 2202 789 2239 enim
838 2200 1086 2238 Herodotus
1133 2199 1187 2247 II,
1226 2200 1331 2238 154:
1373 2201 1497 2247 „voitu
1530 2195 1572 2235 δὲ
1596 2196 1703 2235 Ἴωσι
1734 2196 1800 2235 καὶ
1832 2200 1932 2235 τοῖσι
1965 2195 2096 2247 Καρσὶ

467 2282 565 2317 τοῖσι
609 2275 1065 2329 συγκατεργασαμένοισι
1097 2275 1203 2329 αὐτῷ
1237 2273 1256 2313 ὁ
1295 2274 1555 2324 Ψαμμήτιχος
1589 2274 1728 2312 δίδωσι
1761 2273 1912 2324 χώρους
1945 2271 2099 2322 ἐνοικῆ-

468 2366 534 2392 σαι
568 2376 620 2381 —
653 2352 719 2391 καὶ
752 2351 802 2402 δὴ
834 2350 902 2390 καὶ
943 2351 1092 2397 παῖδας
1125 2349 1325 2401 παρέβαλε
1358 2349 1514 2388 αὐτοῖσι
1549 2348 1795 2400 Αἰγυπτίους
1828 2347 1900 2397 τὴν
1925 2344 2098 2385 τΕλλάδα

467 2433 648 2481 γλῶσσαν
680 2427 1031 2466 ἐκδιδάσκεσθαι”.
1066 2426 1284 2475 Regnavit
1317 2426 1387 2464 hic
1420 2435 1494 2463 rex
1530 2424 1582 2463 ab
1616 2434 1728 2463 anno
1760 2425 1866 2463 6640
1893 2433 2028 2470 usque
2047 2423 2099 2461 ad

474 2506 594 2544 610111
629 2515 665 2543 a.
708 2504 750 2542 C.
795 2515 859 2549 n.;
907 2502 1177 2551 stipendiarii
1226 2502 1319 2539 eius
1366 2500 1484 2539 Iones
1531 2503 1564 2537 et
1615 2496 1742 2538 Cares
1789 2499 2097 2537 documentum

471 2581 737 2627 reliquerunt
772 2581 814 2618 in
849 2579 1033 2617 colossis
1066 2578 1177 2626 apud
1210 2576 1305 2615 Abu
1340 2576 1503 2614 Simbel
1539 2575 1696 2623 positis
1723 2572 1763 2619 ¹).
1799 2574 1938 2622 Aptos
1971 2574 2103 2621 igitur

470 2657 605 2695 fuisse
639 2656 718 2694 hos
749 2656 931 2703 milites,
968 2655 1038 2702 qui
1071 2654 1477 2700 ludimagistrorurn
1513 2652 1606 2689 vice
1639 2651 1938 2698 fungerentur,
1973 2659 2102 2688 nemo

469 2732 662 2779 negabit,
707 2742 807 2769 nam
851 2731 996 2769 Ionice
1040 2729 1328 2777 loquebantur
1369 2728 1563 2774 itemque
1597 2728 1687 2764 arte
1720 2725 1891 2773 legendi
1924 2726 1968 2763 et
1999 2724 2099 2763 scri-

466 2808 591 2846 bendi
626 2807 843 2845 valebant.
877 2806 1010 2845 Addit
1044 2815 1144 2843 vero
1180 2804 1437 2842 Muellerus:
1475 2802 1682 2850 „mythos
1715 2810 1883 2847 quoque
1913 2799 2099 2838 Graecos

467 2882 690 2922 martiales
739 2881 834 2920 iilos
884 2881 1121 2929 magistros
1169 2879 1415 2926 docuisse”‚
1466 2877 1576 2924 quod
1622 2876 1723 2914 licet
1764 2885 1921 2923 negare
1963 2874 2098 2913 nolim

512 3067 535 3109 ¹)
565 3071 613 3100 De
638 3072 751 3099 aetate
777 3069 844 3098 vid.
871 3068 907 3097 A.
937 3068 1120 3097 Kirehhofi'
1143 3067 1239 3097 Stud.
1269 3076 1296 3096 z.
1323 3066 1447 3096 Geseh.
1472 3065 1532 3095 des
1555 3065 1690 3095 Griech.
1717 3061 1832 3103 Alph.⁴
1855 3073 1888 3102 p.
1914 3063 1968 3093 37.
