2200 3487
397 341 450 378 76
1089 352 1141 378 DE
1174 351 1316 378 AIACE.

394 463 581 511 τελαμών.
608 464 741 513 Στήλη
769 465 918 502 autem
945 465 1012 501 est
1038 463 1232 501 columna
1253 473 1336 511 „un
1353 464 1493 511 pillier
1511 464 1606 512 bas,
1628 462 1898 510 quelquefois
1916 462 2022 500 rond

396 538 508 576 mais
550 539 646 585 plus
687 540 873 577 souvent
914 538 1233 585 rectangulaire
1282 537 1479 582 (Cheruel
1519 548 1553 576 s.
1587 549 1626 576 v.
1671 537 1881 586 cippus)”.
1917 536 2020 584 Quo-

395 613 522 651 modo
565 612 772 650 Grirardus
807 613 898 660 ipse
932 612 1062 650 vertit
1098 613 1325 660 „argivum
1358 612 1483 650 illum
1516 612 1765 661 τελαμῶνα”,
1801 622 1885 658 qua
1918 621 2022 649 voce

394 689 461 725 est
494 688 630 725 usus?
667 687 952 735 ‚,Basrelief’'.
983 686 1060 734 Qui
1096 687 1340 724 Waldstein
1367 687 1631 725 vocabulum
1659 687 1857 735 accepit?
1893 686 2024 734 „Bloc

395 762 445 799 de
478 762 617 809 pierre
650 762 830 800 calcaire
863 762 971 799 dans
1004 761 1145 808 lequel
1179 761 1468 808 l’inscription
1504 762 1612 800 etait
1639 761 1893 800 encastree”
1922 760 2025 805 (The

395 836 542 884 argive
585 836 804 874 Heraeum
849 836 867 872 1
909 846 947 883 p.
983 836 1096 879 201).
1145 835 1358 873 Columna
1406 846 1530 884 vero,
1575 835 1692 884 κίων,
1737 838 1898 884 στῦλος,
1941 835 2024 873 dici

395 912 564 958 poterat
596 911 734 959 στήλη,
769 910 843 948 sed
877 921 901 947 a
938 910 1219 958 „bas-relief'’
1253 920 1384 957 quam
1419 910 1617 949 maxime
1650 910 1845 949 discedit.

456 986 573 1033 Quod
620 986 656 1023 si
699 986 888 1032 rogatur,
934 995 1018 1032 qua
1059 995 1163 1023 voce
1205 984 1537 1024 substantivum
1569 995 1773 1033 graecum
1805 987 2028 1034 τελαμῶνα,

397 1061 508 1108 quod
554 1061 752 1108 designat
798 1070 890 1098 rem
940 1060 992 1098 ad
1039 1061 1410 1109 supportandum,
1460 1061 1738 1109 elevandum,
1781 1059 2024 1099 tollendum

396 1137 597 1173 idoneam
629 1135 859 1183 aptissime
892 1135 1028 1173 latine
1060 1135 1179 1173 reddi
1213 1136 1372 1184 possit,
1416 1136 1512 1182 quis
1550 1145 1637 1175 non
1669 1135 1790 1183 eligit
1821 1135 1922 1173 illud
1957 1144 2022 1182 po·

397 1211 621 1248 tissimum
657 1209 936 1258 vocabulum,
972 1210 1083 1256 quod
1118 1210 1259 1248 eidem
1295 1211 1354 1248 rei
1388 1213 1539 1259 aptum
1568 1211 1806 1258 eademque
1834 1220 1859 1248 a
1884 1209 2027 1248 radice

398 1287 465 1322 est
513 1285 776 1333 derivatum,
826 1294 982 1332 nempe
1024 1285 1202 1323 titulum.
1245 1284 1378 1323 Tituli
1420 1286 1590 1323 romani
1633 1284 1973 1333 triumphalibus
2005 1294 2027 1321 e

397 1358 567 1406 pompis
614 1359 722 1396 satis
769 1358 863 1396 noti
908 1360 1023 1396 sunt.
1067 1358 1358 1397 Continebant
1399 1369 1567 1406 quoque
1610 1358 1831 1408 epitaphia
1862 1368 2028 1397 necnon

397 1434 472 1471 illa
513 1435 681 1481 omnia,
731 1443 839 1480 quae
882 1433 1172 1480 magistratus
1205 1433 1274 1471 vel
1306 1434 1466 1481 privati
1498 1434 1698 1472 homines
1731 1443 1829 1472 cum
1861 1433 2028 1472 civibus

403 1510 494 1548 suis
527 1508 850 1547 communicare
882 1507 1101 1546 volebant.
1148 1508 1287 1556 „Eunt
1329 1508 1407 1546 sub
1438 1508 1617 1547 titulum
1649 1508 1792 1547 lares’'
1824 1508 1893 1547 vel
1929 1518 2030 1556 „per

404 1586 557 1624 titulos
589 1594 894 1631 memoresque
925 1584 1097 1622 fastus’'
1132 1584 1199 1621 vel
1236 1584 1380 1632 „tituli
1424 1594 1497 1631 per
1535 1584 1646 1622 colla
1676 1583 1916 1632 pendentes
1947 1593 2032 1621 ser-

405 1661 603 1708 vorum”,
634 1660 731 1706 quis
764 1659 864 1706 quid
896 1658 1115 1707 significet
1143 1660 1315 1697 nescit?
1354 1659 1508 1707 Quidni
1539 1659 1671 1706 igitur
1703 1660 1905 1707 τελαμῶνα
1940 1669 2027 1697 ver-

405 1740 549 1775 tamur
586 1745 695 1783 „une
726 1735 882 1782 piaque
914 1735 964 1773 de
996 1735 1135 1783 pierre
1168 1745 1220 1773 ou
1254 1735 1305 1773 de
1340 1735 1509 1773 marbre
1542 1734 1735 1773 destinee
1767 1736 1791 1772 a
1822 1735 2029 1782 recevoir,

405 1823 457 1850 ou
491 1812 563 1858 qui
595 1821 620 1848 a
650 1820 750 1859 recu
783 1821 840 1848 un
872 1810 1034 1859 decret,
1070 1820 1154 1848 une
1187 1810 1406 1858 dedicace,
1437 1820 1520 1847 une
1547 1809 1648 1847 liste
1675 1810 1726 1848 de
1743 1820 1871 1848 noms
1889 1809 2030 1848 etc.”?

405 1887 482 1925 Vel
515 1897 589 1925 cur
620 1896 705 1924 non
738 1886 1056 1934 adstipulemur
1088 1886 1384 1924 Herwerdeno
1413 1885 1454 1923 in
1484 1885 1643 1923 Lexico
1669 1887 1894 1934 τελαμῶνας
1920 1894 2030 1922 com-

404 1962 574 2010 paranti
617 1972 716 2000 curn
759 1960 905 2008 δέλτοις
938 1964 1114 2011 χαλκοῖς,
1145 1962 1306 2000 tabulis
1338 1964 1506 2009 aeneis,
1540 1961 1696 2007 quibus
1729 1959 2033 1998 incidebantur

406 2048 474 2075 res
516 2037 853 2076 memorabiles?
885 2038 1036 2076 Nonne
1067 2037 1171 2076 folia
1213 2047 1381 2084 quoque
1414 2046 1677 2085 papyracea,
1711 2045 1821 2083 quae
1854 2035 1897 2073 in
1931 2034 2031 2073 obli-

405 2123 538 2159 quum
571 2113 808 2160 parietibus
841 2113 1004 2151 nostris
1036 2111 1315 2160 affinguntur,
1347 2111 1649 2160 ligaminibus,
1682 2110 1838 2149 balteis
1866 2110 2031 2155 (bande-

407 2188 523 2232 liers)
555 2190 658 2226 sunt
690 2188 885 2226 similia?

467 2265 605 2313 Quare
636 2267 838 2313 τελαμῶνα
868 2265 1014 2302 vertas
1041 2263 1236 2311 titulum,
1269 2263 1451 2301 fasciam
1481 2270 1792 2310 marmoream,
1821 2260 1963 2299 locum
1992 2260 2033 2298 in

409 2341 550 2388 lapide
590 2340 778 2378 incisum
821 2339 873 2377 ad
913 2338 1206 2386 recipiendam
1245 2337 1442 2376 tabulam
1477 2337 1701 2385 idoneum,
1732 2346 1807 2385 per
1839 2346 1909 2374 me
1940 2335 2043 2374 licet

413 2417 559 2453 vertas
587 2413 740 2462 δέλτον,
768 2413 1118 2463 „aanplakbord”
1134 2436 1183 2439 —
1206 2422 1472 2460 quamquam
1493 2412 1573 2450 hoc
1591 2410 1852 2450 vocabulum
1872 2410 2044 2458 longius

413 2501 436 2528 a
469 2490 612 2528 radice
644 2492 712 2526 τλα
740 2500 819 2528 nos
847 2489 1021 2527 abducit
1041 2511 1091 2516 —
1112 2488 1189 2526 sed
1219 2488 1441 2535 columna,
1472 2486 1673 2534 qualibus
1700 2486 1865 2524 nostris
1891 2485 2042 2524 diebus

413 2565 538 2603 urbes
572 2566 843 2603 exornantur
876 2565 928 2602 ad
961 2574 1030 2602 res
1063 2563 1224 2612 publici
1256 2563 1363 2601 iuris
1396 2562 1637 2610 faciendas,
1667 2571 1753 2600 non
1780 2561 1875 2599 fuit.
1910 2560 2043 2599 Cuius

414 2640 475 2678 rei
517 2639 722 2677 Girardus
765 2640 846 2677 sibi
887 2641 980 2677 tam
1023 2639 1223 2677 conscius
1265 2638 1348 2676 fuit
1390 2639 1455 2686 ut,
1491 2647 1589 2675 cum
1623 2637 1665 2674 in
1699 2636 1868 2684 graecis
1899 2635 2040 2673 literis

396 2716 575 2753 frustra
621 2715 914 2761 quaesivisset
962 2714 1231 2762 exemplum,
1282 2723 1364 2759 quo
1411 2714 1634 2761 τελαμῶνος
1673 2709 2036 2758 significationem

413 2791 663 2829 columnam
706 2790 966 2838 illustraret,
1009 2790 1168 2828 statuit
1200 2790 1315 2828 hunc
1347 2798 1527 2827 sensum
1561 2786 1710 2836 procul
1743 2785 1871 2824 dubio
1903 2785 2041 2823 latere

418 2868 551 2915 „dans
596 2876 653 2904 un
691 2875 791 2913 grec
824 2865 1140 2904 sensiblement
1181 2865 1402 2904 ante'rieur
1434 2873 1521 2902 aux
1555 2864 1731 2910 poemes
1764 2861 2041 2907 homeriques

418 2942 504 2985 (1.1.
540 2953 578 2989 p.
615 2942 729 2986 30)”.
