2200 3487
438 337 521 375 206
916 349 969 376 DE
1001 349 1288 378 EUGAMMONIS
1319 351 1574 380 TELEGONIA.

438 462 672 508 antequam
714 461 800 507 τὰς
842 461 939 500 ὑπὸ
975 464 1251 514 Τειρεσίου
1284 464 1541 515 ῥηθείσας
1572 466 1767 512 θυσίας
1800 464 1851 503 ἐν
1877 462 2057 519 Ἰθάκῃ

437 533 660 586 ἐτέλεσε,
692 539 915 578 hominem
949 542 1275 580 maritimarum
1308 552 1452 580 rerum
1481 543 1682 590 ignarum
1711 544 1799 582 iam
1825 543 2061 591 repperisse.

436 611 529 650 Hac
560 615 708 652 tamen
742 615 785 652 in
818 625 862 653 re
896 616 1075 665 erravit,
1110 617 1222 664 quod
1256 617 1299 654 in
1331 618 1516 655 Arcadia
1546 618 1587 656 id
1620 619 1784 657 factum
1818 629 1915 657 esse
1942 619 2060 666 puta-

435 686 525 735 bat,
570 689 705 727 nimio
747 689 914 729 scilicet
955 692 1108 730 ardore
1150 692 1413 739 hypothesin
1458 703 1584 731 suam
1617 695 1667 732 de
1699 703 1882 732 nummo
1915 693 2060 731 Manti-

434 763 582 801 neensi
610 764 836 804 defendere
865 767 1060 805 conatus.
1087 767 1313 806 Profectus
1339 770 1406 806 est
1432 767 1584 806 Ulixes
1601 770 1840 808 secundum
1859 769 2059 807 Proclum

435 837 478 874 in
526 838 715 887 Elidem;
764 841 815 878 de
856 840 1155 889 longinquiore
1197 843 1350 881 itinere
1391 843 1452 881 nil
1494 844 1719 891 audimus;
1764 855 1817 882 ex
1859 844 1978 882 Elide
2019 844 2060 880 in

434 914 621 960 patriam
654 915 802 963 rediit;
836 917 1006 955 invenit
1030 917 1253 956 hominem
1283 928 1410 956 suum
1439 921 1674 966 antequam
1699 920 1896 958 Ithacam
1922 928 2062 956 rever-

435 988 511 1027 tit:
555 999 657 1037 ergo
699 991 740 1028 in
786 991 898 1031 Elide
939 992 1007 1030 τὸν
1050 991 1186 1043 ὃδίτηυ
1228 994 1422 1033 offendit.
1458 995 1525 1033 Ita
1557 995 1693 1033 voluit
1726 1005 1810 1034 non
1844 994 2064 1034 Homerus

435 1064 510 1102 sed
542 1065 814 1113 Eugammon
849 1067 1110 1116 Cyrenaeus

495 1214 617 1254 Nunc
659 1217 803 1256 Ulixis
846 1219 929 1258 iter
970 1220 1012 1257 in
1057 1220 1383 1270 Thesprotiam,
1428 1222 1540 1269 quod
1583 1222 1857 1269 Eugammon
1896 1230 1981 1259 non
2013 1220 2064 1258 de

433 1301 512 1329 suo
559 1290 687 1331 finxit
735 1294 809 1332 sed
858 1294 1118 1343 Telegoniae
1165 1295 1502 1344 amplificandae
1546 1307 1677 1335 causa
1721 1307 1745 1335 a
1786 1297 1959 1334 Musaeo
2000 1296 2068 1333 est

433 1369 680 1416 mutuatus,
740 1370 915 1417 propius
971 1371 1312 1410 consideremus.
1364 1372 1549 1420 „Heros,
1599 1372 1779 1411 Proclus
1825 1371 1973 1419 refert,
2020 1370 2063 1409 in

433 1442 740 1491 Thesprotiam
784 1447 903 1484 venit
945 1446 1266 1496 Callidicenque
1304 1449 1503 1497 reginam
1537 1458 1720 1487 uxorem
1755 1448 1886 1486 ducit.
1921 1447 2066 1485 Oritur

433 1518 596 1557 bellum
639 1529 736 1558 cum
780 1521 953 1571 Brygis,
988 1524 1059 1570 qui
1093 1524 1227 1562 Marte
1260 1525 1365 1563 duce
1398 1525 1664 1572 Thesprotos
1696 1523 1930 1572 repellunt,
1963 1522 2066 1561 licet

432 1593 625 1632 Minerva
656 1595 724 1633 his
756 1597 1007 1644 opituletur.
1036 1599 1190 1647 Apollo
1217 1600 1393 1638 demum
1421 1599 1554 1638 finem
1583 1599 1769 1638 bellandi
1797 1599 1914 1637 facit.
1943 1597 2063 1636 Calli-

434 1668 527 1707 dice
567 1673 742 1709 mortua
773 1672 1031 1721 Polypoetes
1063 1673 1179 1713 filius
1210 1675 1354 1714 Ulixis
1386 1687 1570 1724 regnum
1605 1676 1781 1724 accipit,
1815 1675 1942 1713 heros
1972 1674 2065 1722 ipse

432 1745 634 1784 Ithacam
676 1748 958 1787 revertitur.”
1002 1750 1072 1788 Sic
1113 1752 1285 1798 poetam
1321 1752 1512 1799 aliquem
1547 1752 1775 1798 antiquum
1812 1750 1956 1789 Ulixis
1988 1749 2070 1787 iter

432 1821 474 1858 in
518 1821 821 1870 Thesprotiam
865 1824 1094 1873 cecinisse,
1141 1836 1225 1864 non
1269 1829 1336 1865 est
1377 1827 1491 1874 quod
1525 1827 1750 1865 miremur.
1786 1826 2066 1865 Meminimus

433 1896 549 1935 enim
592 1908 800 1938 versuum
843 1900 860 1945 ξ
894 1901 978 1939 314
1012 1912 1119 1950 sqq.,
1154 1902 1227 1940 ubi
1260 1904 1386 1941 heros
1418 1903 1731 1941 fallacissimus
1763 1912 1931 1941 errores
1962 1911 2066 1940 suos

432 1971 623 2011 Eumaeo
667 1974 938 2024 describens,
984 1977 1190 2016 audacter
1233 1988 1361 2017 casus
1394 1978 1678 2025 Thesprotios
1712 1978 1924 2025 annectit,
1959 1986 2067 2023 quos

432 2057 655 2095 nunquam
698 2060 854 2098 passus
897 2054 1004 2090 erat.
1046 2053 1126 2091 Hic
1169 2054 1303 2101 igitur
1345 2064 1526 2102 campus
1558 2053 1736 2102 patebat
1767 2053 1960 2092 incultus
1991 2062 2066 2101 per

431 2134 559 2170 quem
602 2125 827 2173 ingenium
861 2128 1089 2166 cuiusdam
1123 2130 1294 2178 epigoni
1326 2130 1459 2168 libere
1492 2130 1642 2177 vagari
1674 2131 1835 2178 posset.
1869 2129 2065 2167 Admira·

430 2200 594 2238 tionem
634 2211 736 2240 vero
780 2205 947 2252 movet,
991 2205 1102 2251 quod
1145 2205 1289 2243 Ulixis
1331 2205 1406 2244 illa
1449 2206 1666 2254 expeditio
1709 2205 1952 2252 antiquitus
1984 2204 2064 2242 sub

435 2275 598 2314 Musaei
630 2278 806 2316 nomine
839 2280 1098 2320 circumlata
1130 2282 1274 2320 fuerit.
1310 2281 1414 2330 Quid
1445 2282 1634 2329 Musaeo,
1664 2277 1705 2326 ὃς
1733 2281 1974 2327 παραλύσας
1999 2278 2066 2317 καὶ

433 2350 584 2397 τελετὰς
630 2351 696 2390 καὶ
741 2355 979 2404 καθαρμοὺς
1026 2355 1253 2406 συνέθηκεν
1301 2358 1458 2402 (SChOl.
1509 2358 1579 2395 ΑΓ.
1623 2357 1730 2395 Ran.
1779 2357 1920 2403 1030),
1964 2356 2062 2403 quid

433 2434 484 2480 τῷ
531 2428 805 2484 χρησμολόγῳ,
855 2430 1012 2481 Orphei
1061 2433 1273 2471 imitatori
1322 2433 1462 2477 (Paus.
1511 2432 1567 2479 X,
1614 2433 1651 2477 7,
1696 2433 1754 2480 2),
1789 2442 1884 2470 cum
1920 2431 2064 2469 Ulixis

433 2507 670 2553 erroribus,
706 2517 802 2545 cum
832 2509 1024 2547 carmine
1052 2510 1206 2557 epico?
1235 2509 1340 2547 Fere
1366 2518 1538 2556 semper
1556 2509 1758 2546 Musaeus
1777 2518 1874 2546 cum
1894 2507 2064 2556 Orpheo

437 2581 734 2629 coniungitur;
769 2583 903 2622 etiam
931 2584 1127 2622 Platonis
1154 2588 1349 2632 tempore
1378 2584 1713 2622 venditabantur
1740 2583 1870 2633 βίβλοι
1891 2579 2065 2631 Ὀρφέως

437 2654 502 2693 καὶ
551 2657 769 2695 Μουσαίου
810 2659 906 2696 καθ’
949 2656 994 2704 ἃς
1037 2661 1317 2709 θυηπολοῦσι;
1351 2660 1452 2707 quid
1484 2660 1617 2706 igitur
1649 2659 1850 2697 Musaeus
1883 2658 2064 2697 ediderit

437 2733 521 2770 nisi
561 2733 693 2772 libros
735 2734 933 2781 rituales,
979 2736 1271 2783 expiationes,
1316 2735 1607 2783 initiationes,
1643 2735 1708 2773 ve]
1741 2733 1960 2783 κατάβασιν
1993 2733 2065 2772 ali-

437 2818 567 2855 quam
610 2807 663 2854 εἰς
684 2805 857 2847 Midon?
890 2810 1117 2858 Paulisper
1144 2811 1276 2858 igitur
1301 2820 1523 2849 moremur
1551 2814 1593 2848 et
1620 2809 1916 2857 Thesprotidis
1944 2819 2064 2857 argu-

439 2887 636 2922 mentum
671 2885 870 2923 exactius
904 2886 1249 2924 consideremus

496 2959 596 2997 Post
630 2962 817 2998 mortem
850 2959 1100 3008 Callidices,
1137 2964 1183 2998 ut
1215 2961 1422 3009 legimus,
1457 2961 1714 3009 Polypoetes
1748 2970 1927 3007 regnum
1957 2960 2063 2998 The—

437 3035 628 3082 sprotiae
676 3036 718 3073 in
765 3045 812 3073 se
860 3037 1034 3083 recepit.
1086 3036 1189 3084 Quis
1236 3037 1317 3074 fuit
1362 3036 1434 3074 ille
1482 3036 1771 3084 Polypoetes?
1818 3035 2066 3083 Respondet
