2200 3487
473 351 553 388 178
1137 362 1190 389 DE
1224 361 1421 390 CARNE1s.

648 474 838 524 Ἀδμήτου
870 474 1002 526 λόγον,
1035 470 1194 525 ὦταῖρε,
1225 474 1370 524 μαθὼν
1402 475 1495 520 τοὺς
1527 473 1709 526 ἀγαθοὺς
1741 474 1857 524 φίλει·

643 555 720 587 τῶν
753 550 892 587 δειλῶν
926 546 958 587 δ’
997 548 1160 601 ἀπέχου,
1191 549 1313 600 γνοὺς
1347 549 1404 588 ὅτι
1438 550 1576 588 δειλῶν
1609 548 1719 601 ὀλίγη
1751 550 1861 600 χάρις
1893 545 1934 594 ¹).

466 626 564 664 Fuit
595 627 762 674 autem,
795 627 841 664 ut
875 626 1080 674 vidimus,
1115 626 1308 664 Praxilla
1341 626 1560 674 Sicyonia,
1596 637 1680 673 qua
1711 626 1754 664 in
1789 625 1891 663 urbe
1925 623 2089 663 Carnea

464 711 624 748 magno
656 701 911 739 fruebantur
943 701 1125 749 honore,
1159 701 1401 747 cecinitque
1434 700 1529 747 ipsa
1560 701 1689 739 deum
1723 699 1955 739 Carneum.

524 775 682 814 Deinde
725 776 857 813 etiam
902 775 1081 813 maioris
1127 775 1255 823 pretii
1303 777 1369 813 est
1416 775 1643 823 inscriptio
1689 775 1885 813 Theraea
1932 775 2090 813 aetatis

463 851 702 898 Romanae,
731 860 840 897 quae
872 850 914 887 in
949 849 1119 888 Kaibeli
1152 850 1299 888 exstat
1331 849 1600 897 Epigramm.
1634 859 1778 897 graec.
1801 845 1851 894 ²):
1890 846 1936 896 „5
1965 849 2089 898 δᾶμος

461 923 663 974 άφηρώιξε
709 922 774 961 καὶ
821 922 998 973 ἔτείμασε
1046 923 1113 960 τὸν
1161 923 1274 973 ἱερῆα
1319 923 1562 968 Ἀπόλλωνος
1607 923 1799 974 Καρνήου
1842 923 1908 961 διὰ
1949 923 2088 976 γένους

452 998 649 1048 ’Ἄδμητον
686 998 897 1036 Θεοκλείδα
925 998 1055 1044 πάσας
1089 997 1227 1048 ἀρετᾶς
1260 997 1374 1036 ἕνεκα
1406 997 1469 1036 καὶ
1504 999 1811 1049 σωφροσύνας”.
1841 1000 2089 1048 Sequuntur

459 1075 589 1112 verba
622 1075 753 1112 haec:

695 1148 742 1186 οὐ
776 1148 902 1196 μόνον
935 1146 1116 1199 ήυχόμην
1153 1149 1456 1199 Λακεδαίμονος
1489 1148 1530 1187 ἐκ
1563 1149 1784 1200 βασιλήων,

753 1222 852 1270 ξυνὰ
885 1221 927 1261 δὲ
963 1223 1174 1274 Θετταλίης
1207 1222 1248 1262 ἐκ
1279 1224 1491 1276 προγόνων
1524 1224 1709 1275 γενόμην·

694 1299 802 1345 σώζω
837 1295 873 1336 δ’
913 1298 1104 1348 Ἀδμήτου
1136 1295 1217 1337 κατ’
1253 1299 1342 1337 ἴσον
1374 1298 1508 1347 κλέος,
1540 1298 1592 1346 ὡς
1625 1296 1733 1349 ὄνομ’
1771 1299 1895 1349 ἔσχον.

693 1375 729 1413 εἰ
760 1372 802 1413 δὲ
835 1375 918 1413 δύω
952 1374 1137 1412 λείποντα
1164 1380 1400 1425 τριηκοστοῦ
1433 1373 1536 1421 ἔτεός
1569 1390 1614 1424 με

759 1449 977 1488 Θευκλείδα
1010 1449 1156 1500 πατρὸς
1190 1449 1357 1498 νόσφισε
1390 1446 1488 1500 μοῖρ’
1527 1447 1641 1499 ὀλοή,

753 1524 917 1562 τετλάτω
951 1522 1002 1570 ὡς
1036 1523 1196 1574 Πηλεὺς
1229 1522 1280 1570 ὡς
1312 1524 1529 1573 προπάτωρ
1565 1539 1602 1562 τε
1639 1523 1780 1574 Φέρης.

517 1601 566 1638 In
630 1601 817 1639 eundem
875 1600 1116 1638 Admetum
1175 1599 1365 1648 elogium
1423 1600 1618 1639 continet
1674 1600 1812 1638 altera
1864 1600 2092 1649 inscriptio

457 1675 650 1714 Theraea
672 1672 715 1721 3),
749 1684 860 1722 quae
892 1676 993 1723 post
1025 1674 1141 1712 idem
1173 1675 1403 1713 exordium
1438 1675 1602 1723 pergit:

702 1749 741 1787 εἴ
766 1765 801 1787 τι
833 1745 922 1799 παρ’
958 1748 1194 1798 Αἵμονιεῦσι
1228 1747 1341 1800 γένος
1374 1752 1530 1788 πολιοῖο
1568 1748 1767 1799 Φέρητος,

754 1824 792 1862 εἴ
819 1839 854 1862 τι
885 1820 972 1874 παρ’
1012 1822 1198 1874 Εὖρώται
1227 1820 1456 1874 ’κόμπασαν
1492 1824 1724 1875 Οἰβαλίδαι,

694 1898 890 1949 ἀνδράσιν
923 1898 965 1937 ἕν
997 1897 1204 1950 προτέροις
1236 1899 1540 1950 καθαρώτατον,
1572 1901 1611 1938 οἳ
1640 1899 1845 1950 βασιλήων

752 1974 894 2020 παῖδες
926 1973 994 2013 καὶ
1026 1975 1206 2026 μεγάλων
1239 1969 1342 2025 ἦσαν
1374 1971 1435 2012 ἀπ’
1474 1973 1702 2013 ἀθανάτων·

692 2055 807 2087 τοῦτο
840 2048 970 2100 λαχὼν
994 2047 1192 2099 ’Ἄδμητος
1225 2049 1313 2087 ἴσον
1346 2055 1530 2099 πινυτῆτι
1561 2048 1628 2087 καὶ
1662 2049 1774 2087 αἰδοῖ

752 2127 899 2174 μοῖραν
932 2122 1156 2174 ἀνέπλησεν
1189 2123 1402 2176 ρἰγεδανοῦ
1437 2124 1585 2174 βιότου.

455 2202 647 2248 Denique
690 2200 733 2239 G.
769 2200 799 2238 Ι.
835 2200 881 2238 Gr.
916 2200 956 2237 II
988 2210 1029 2238 n.
1066 2201 1178 2239 2467
1224 2200 1352 2249 paulo
1396 2200 1616 2248 copiosius
1648 2201 1699 2238 de
1732 2201 1909 2239 Admeti
1941 2210 2089 2248 paren-

457 2276 575 2314 tibus
608 2276 698 2323 agit
729 2276 886 2314 titulus
920 2276 1013 2314 hic:
1052 2275 1321 2324 ᾖΘευκλείδας
1354 2276 1546 2325 Ἀδμήτου
1579 2274 1646 2313 καὶ
1682 2276 1837 2314 Nimiam
1874 2275 2090 2325 Κρισάμιος

458 2350 525 2388 τὸν
564 2349 696 2388 αὐτῶν
738 2350 830 2388 υἱὸν
866 2349 1066 2400 ’Ἀδμητον
1110 2350 1324 2388 Ἀπόλλωνι
1368 2351 1592 2405 Καρνει’ῳ”.
1637 2352 1919 2400 suspicamur
1958 2351 2090 2399 igitur

455 2426 590 2464 fuisse
637 2427 811 2474 gentem
854 2426 1115 2474 Theraeam‚
1166 2426 1209 2464 in
1254 2437 1339 2474 qua
1380 2437 1454 2474 per
1496 2428 1638 2465 totam
1673 2427 1982 2474 antiquitatem
2019 2430 2088 2463 τοῦ

460 2499 661 2548 Καρνείου
695 2501 989 2539 sacerdotium
1019 2511 1268 2548 nomenque
1297 2502 1471 2539 Admeti
1499 2502 1631 2540 fuerit
1659 2501 1938 2540 hereditaria.
1966 2501 2089 2540 Prae·

457 2578 600 2623 terea,
644 2586 742 2614 cum
786 2586 946 2614 nomen
995 2575 1235 2621 Θευκλείδας
1268 2577 1423 2614 statim
1456 2576 1499 2614 in
1532 2578 1728 2617 mentem
1761 2576 1887 2615 nobis
1917 2578 2090 2616 revocet

464 2648 633 2688 Θεοκλέα
677 2649 744 2687 τὸν
788 2651 914 2699 Κρίου
948 2652 1138 2700 patrem,
1174 2652 1285 2700 apud
1321 2663 1449 2699 quem
1485 2649 1505 2690 ὁ
1542 2650 1706 2698 Οἰκέτας
1739 2652 1934 2702 Κάρνειος
1968 2652 2088 2700 Spar-

459 2728 530 2764 tae
564 2725 780 2773 refugium
815 2728 1067 2775 invenerat,
1103 2728 1278 2765 constat
1308 2727 1420 2766 hanc
1459 2729 1636 2775 gentem
1678 2727 1814 2766 fuisse
1855 2737 1985 2765 unam
2033 2736 2087 2765 ex

458 2800 664 2848 Achaeis,
692 2800 930 2838 Laconicae
962 2801 1120 2839 incolis
1158 2801 1499 2851 antiquissimis,
1534 2801 1928 2840 antedoriensibuS.
1963 2800 2090 2840 Cum-

456 2885 538 2922 que
571 2875 785 2914 Admetus
817 2878 968 2915 noster
1002 2887 1026 2915 a
1057 2877 1313 2926 maioribus,
1348 2879 1421 2925 qui
1456 2878 1572 2917 claro
1605 2878 1854 2917 fruerentur
1886 2879 1929 2916 in
1956 2877 2086 2916 Thes-

501 3040 523 3079 ¹)
549 3043 648 3081 Vesp.
677 3044 760 3073 1238
787 3054 814 3073 c.
839 3045 952 3074 Schol.
1089 3043 1116 3086 ²)
1142 3055 1174 3084 p.
1202 3046 1243 3076 ‘10
1271 3056 1302 3076 n.
1331 3047 1404 3076 192.
1540 3044 1567 3083 ⁸)
1592 3046 1680 3076 Ibid.
1706 3055 1738 3084 p.
1765 3047 1805 3075 96
1832 3044 1868 3076 n⁰
1894 3047 1967 3077 191.
