2200 3487
411 313 490 353 104
1106 323 1156 349 nn
1191 322 1332 350 ΑῐΑοΕ.

404 437 625 475 voluimus
651 437 766 475 hunc
793 446 956 474 nexum
987 445 1070 473 non
1101 436 1228 473 modo
1257 435 1470 481 quadrare
1498 433 1542 471 in
1569 433 1813 480 priscorum
1833 429 2039 468 Graeciae

404 512 647 551 incolarum
695 511 746 549 de
794 511 932 549 sacris
981 510 1110 548 rebus
1158 510 1339 558 placita,
1396 509 1470 547 sed
1513 507 1738 546 vinculum
1783 505 1872 543 tale
1905 505 2041 543 fuisse

404 588 530 636 quale
562 597 638 635 pro
670 587 739 624 his
771 586 945 634 placitis
980 585 1225 633 exspectari
1258 586 1422 632 posset.

643 967 821 1010 XVIII.
866 966 933 1008 De
966 964 1207 1018 virginum
1239 963 1522 1006 locrensium
1555 961 1800 1005 sacrificio.

465 1111 558 1149 Non
593 1109 719 1148 modo
753 1108 1001 1155 Dardanus,
1036 1106 1227 1154 Aeneas,
1264 1105 1482 1143 Anchises
1515 1104 1558 1141 in
1597 1103 1894 1151 Peloponneso
1927 1101 2045 1139 inve-

405 1186 600 1234 niuntur,
632 1184 709 1223 sed
741 1184 786 1221 in
820 1182 971 1221 eadem
1005 1181 1183 1229 regione
1216 1180 1417 1218 Mercurii
1452 1179 1571 1217 cultu
1602 1179 1838 1217 notissima
1870 1176 2044 1215 offendi-

405 1271 505 1299 mus
551 1256 867 1299 Lamedontem
925 1256 1177 1304 Sicyonium
1236 1265 1402 1303 regem,
1463 1265 1593 1302 quem
1654 1254 1823 1302 nullus,
1874 1253 2038 1300 opinor,

406 1346 633 1375 secernere
681 1335 776 1373 vult
819 1355 875 1360 —
914 1334 1026 1380 quod
1075 1332 1128 1370 ad
1177 1341 1338 1370 nornen
1387 1330 1550 1368 attinet
1582 1351 1638 1355 —
1679 1339 1704 1367 a
1749 1329 1918 1367 notiore
1965 1328 2040 1365 illo

408 1412 699 1450 Laomedonte
733 1410 934 1448 Troiano.
970 1408 1087 1456 Quod
1121 1408 1158 1445 si
1186 1417 1314 1454 quem
1344 1405 1460 1444 male
1488 1405 1681 1443 habeant
1707 1404 1861 1442 literae
1888 1403 1938 1442 ao
1956 1403 2044 1442 in‘a

407 1488 676 1534 contractae,
733 1485 860 1523 adeat
909 1492 1116 1530 magnam
1161 1481 1467 1529 exemplorum
1511 1480 1677 1527 copiam
1720 1480 1973 1527 congestam
2018 1490 2042 1517 a

406 1561 715 1600 Bechtel-Fick
749 1559 833 1604 (Gr.
867 1559 1255 1597 Personennamen
1289 1566 1327 1604 p.
1361 1556 1442 1593 184
1475 1558 1596 1602 sqq.).
1630 1555 1850 1593 Lamedon
1883 1556 2045 1601 gnatus

406 1639 499 1675 erat
531 1636 707 1683 Coroni;
740 1635 967 1683 pepererat
1000 1634 1114 1670 hunc
1147 1631 1413 1679 Chrysorthe
1446 1631 1560 1678 apud
1594 1630 1854 1678 Apollinem.
1889 1629 2047 1667 Genuit

408 1713 630 1751 Lamedon
654 1710 790 1749 filiam
819 1709 1082 1757 Zeuoez'ppam
1110 1717 1159 1745 ex
1184 1717 1313 1745 uxore
1331 1706 1466 1744 attica.
1487 1705 1693 1754 Zeuxippo
1717 1707 1867 1744 autem
1896 1705 2046 1753 nupsit

408 1788 581 1835 Sicyoni
624 1785 826 1825 Metionis
864 1783 966 1824 filio.
1012 1783 1115 1831 Quis
1159 1792 1261 1820 vero
1295 1781 1455 1819 Metion
1490 1782 1615 1819 erat?
1651 1781 1882 1819 Erechthei
1912 1779 2044 1818 filius.

406 1863 554 1901 Denuo
588 1870 827 1908 versamur,
863 1860 910 1897 ut
944 1859 1143 1906 apparet,
1173 1857 1216 1895 in
1245 1856 1476 1894 nominum
1500 1856 1631 1904 serie,
1667 1865 1776 1902 quae
1810 1855 2042 1903 Troadem,

406 1936 620 1983 Atticam,
669 1934 958 1982 Peloponnesi
1005 1934 1176 1980 partem
1225 1930 1488 1969 orientalem
1532 1931 1826 1978 amplectitur.
1868 1930 2045 1968 Minime

407 2012 540 2060 igitur
581 2011 796 2049 miramur
832 2031 882 2036 —-
918 2009 1044 2046 docet
1087 2017 1179 2045 rem
1229 2006 1446 2044 scholium
1490 2006 1542 2043 ad
1583 2007 1621 2042 Γ
1658 2005 1743 2044 250
1780 2028 1830 2032 -
1865 2006 2043 2043 Laome·

407 2087 585 2125 dontem
612 2096 711 2124 cum
738 2084 947 2131 Zeuoeippe
974 2084 1068 2131 ipsa
1099 2083 1143 2120 in
1176 2081 1342 2119 Troade
1375 2081 1581 2128 genuisse
1613 2079 1753 2118 filium
1786 2081 2042 2129 Podarcem,

408 2162 476 2201 cui
507 2163 663 2209 postea
693 2159 860 2198 Priami
891 2158 976 2196 fuit
1007 2166 1181 2195 nomen.

465 2236 686 2275 Lamedon
710 2234 925 2273 successit
952 2233 1143 2281 Epopeo,
1173 2232 1245 2279 qui
1263 2231 1440 2270 vitiavit
1458 2231 1711 2279 Antiopam.
1743 2231 1899 2269 Statua
1916 2230 2045 2269 huius

406 2312 621 2359 Antiopae
663 2310 846 2358 Sicyone
878 2310 923 2347 in
965 2309 1069 2347 aede
1113 2307 1296 2346 Veneris
1335 2309 1444 2346 erat.
1488 2306 1621 2345 Cuius
1664 2307 1726 2345 rei
1763 2316 1933 2345 memor
1964 2307 2042 2356 sit,

407 2387 478 2433 qui
519 2386 632 2434 apud
675 2385 856 2423 Suidam
889 2387 938 2428 (s.
969 2394 1007 2422 v.
1045 2382 1242 2431 Ἀντιόπη)
1287 2382 1393 2429 legit
1424 2378 1642 2430 virginem
1674 2382 1769 2429 ipso
1801 2382 1844 2419 in
1877 2381 2043 2429 templo

407 2461 609 2498 vitiatam
643 2460 793 2498 fuisse.
839 2459 1001 2497 Notum
1041 2457 1159 2496 enim
1194 2458 1506 2504 argumentum
1540 2458 1626 2505 est,
1662 2456 1774 2503 quod
1807 2456 2044 2494 revertitur

403 2536 448 2573 in
489 2535 636 2573 fabula
679 2535 730 2573 de
772 2534 1005 2581 Melanippi
1039 2534 1081 2571 et
1114 2532 1381 2571 Gomaethus
1414 2531 1638 2570 amoribus
1670 2533 1849 2569 narrata
1881 2541 1906 2569 a
1937 2530 2042 2569 Pau-

405 2611 532 2648 sania
579 2609 686 2658 (VII,
726 2610 792 2658 19,
829 2610 882 2648 2).
932 2608 1105 2646 Horum
1149 2617 1318 2655 quoque
1360 2616 1534 2645 amores
1565 2607 1847 2644 inconcessos
1878 2605 2044 2644 Dianae
2096 2638 2098 2643 ,

405 2685 449 2723 111
474 2685 574 2723 fano
601 2686 801 2732 peractos
827 2686 978 2721 secuta
1006 2684 1073 2721 est
1100 2692 1239 2731 poena
1266 2683 1469 2729 deorum;
1499 2681 1656 2719 dehinc
1683 2691 1875 2719 annuum
1895 2691 2043 2728 puero-

404 2770 502 2798 rum
534 2757 799 2797 sacrificium
834 2758 886 2795 ab
918 2758 1107 2796 Achaeis
1140 2757 1245 2795 deae
1278 2757 1414 2795 iratae
1452 2755 1724 2794 offerendum
1758 2757 1864 2793 erat.

464 2834 689 2873 Eiusmodi
746 2831 1012 2871 sacrificium
1070 2833 1288 2871 Minervae
1338 2831 1554 2870 debebant
1600 2831 1854 2869 Locrenses.
1903 2830 2045 2869 Causa

408 2911 521 2960 erat,
570 2909 608 2947 si
654 2911 856 2957 posteros
904 2909 1047 2955 audis,
1091 2907 1372 2955 sacrilegium
1413 2906 1465 2944 ab
1511 2906 1642 2943 Aiace
1674 2906 1717 2943 in
1752 2905 2043 2944 Cassandram

405 2985 646 3032 patratum.
679 2984 822 3032 Digna
854 2985 1004 3021 autem
1038 2985 1105 3021 est
1137 2993 1226 3031 res,
1261 2992 1369 3029 quae
1403 2981 1652 3020 accuratius
1684 2982 1914 3019 tractetur.
