2200 3487
438 351 492 390 68
1127 356 1182 383 DE
1213 354 1358 382 AIACE.

435 479 540 516 deus
570 474 717 522 igitur,
751 472 820 510 cui
854 480 978 509 sacra
1009 471 1102 507 erat
1134 466 1251 518 Ἀργὼ
1284 472 1381 504 πᾶσι
1413 464 1586 515 μέλουσα
1609 467 1855 516 ([Apollod.]
1874 469 1905 517 Ι,
1926 469 1965 518 9,
1986 471 2055 514 27)

435 552 633 592 dedicata
674 548 726 587 ab
768 547 922 585 Iasone
964 545 1195 593 postquam
1229 552 1251 580 e
1283 541 1463 580 navium
1497 543 1737 581 certamine
1769 544 1931 582 victrix
1961 554 2055 583 eva·

433 630 563 668 serat.
596 625 761 664 Nomen
797 632 915 670 vero,
949 620 1059 667 quod
1092 619 1321 666 Neptunus
1352 617 1531 665 gerebat
1562 617 1790 668 Troezene,
1826 622 1920 658 erat
1946 620 2054 669 Phy-

434 703 625 742 talmius

495 776 722 825 Φυτάλμιον
764 771 886 811 αὐτὸν
929 769 1195 818 ἐπωνόμασαν
1238 767 1373 817 ἐπειδὴ
1416 773 1485 806 τοῦ
1521 768 1703 816 φύεσθαι
1734 768 1780 806 τὰ
1812 768 1852 806 ἐκ
1884 775 1951 819 τῆς
1982 777 2054 822 γῆς

431 852 618 904 γινόμενα
659 847 863 897 παραίτιός
906 845 1010 883 ἐστιν
1052 843 1287 889 (Cornutus
1330 844 1412 888 22).
1447 843 1618 881 Numen
1652 844 1785 891 igitur
1819 845 1900 883 fuit
1932 856 2054 894 vege—

430 928 624 967 tationis.
674 925 754 963 Sed
801 933 876 971 pro
926 920 1111 959 vinculis
1158 929 1267 966 quae
1314 919 1427 957 inter
1469 918 1731 956 Troezenem
1775 921 1818 958 et
1858 920 2056 959 Athenas

429 1003 663 1042 exstabant
708 1000 956 1047 Neptunum
1000 994 1301 1042 Phytalmium
1336 993 1379 1031 in
1413 993 1563 1031 Attica
1595 1003 1764 1041 quoque
1795 994 2056 1035 honoratum

427 1078 562 1116 fuisse
602 1074 831 1114 mirabitur
862 1081 1014 1118 nemo3
1061 1069 1285 1108 colebatur
1317 1069 1360 1106 in
1393 1070 1522 1116 gente
1554 1073 1632 1105 τῶν
1668 1068 1922 1119 Φυταλιδῶν,
1957 1081 2055 1118 quo-

426 1163 521 1191 rum
554 1153 764 1200 patronus
800 1147 979 1191 Φύταλος
1014 1146 1220 1185 Cererum
1249 1144 1417 1192 primus
1444 1143 1561 1182 domi
1587 1144 1811 1192 excepisse
1837 1145 2057 1186 ferebatur

425 1228 566 1272 (Faus.
602 1226 633 1273 Ι,
668 1225 737 1272 37,
773 1225 824 1267 2).
868 1222 917 1260 In
961 1222 1122 1260 honore
1163 1229 1332 1267 quoque
1375 1220 1469 1257 erat
1511 1218 1789 1268 Anthedone,
1828 1220 1900 1259 ubi
1931 1224 2054 1269 pater

424 1302 661 1340 habebatur
691 1300 913 1347 yiyantum
945 1297 1252 1336 Aloeadarum.
1286 1295 1342 1333 Hi
1374 1296 1416 1333 in
1449 1294 1574 1333 Caria
1601 1305 1769 1342 quoque
1796 1296 1888 1335 noti
1915 1299 2053 1336 erant.

423 1378 612 1424 Denique
644 1375 781 1414 Rhodi
817 1373 1093 1422 Phytalmius
1125 1371 1314 1411 habebat
1343 1371 1577 1419 templum.

482 1452 690 1501 Quoniam
733 1449 1115 1488 Halicarnassensi
1157 1448 1200 1485 in
1243 1448 1482 1486 stemmate
1520 1446 1683 1484 Telamo
1715 1446 1833 1484 audit
1867 1444 2055 1495 Neptuni

421 1527 553 1576 filius,
588 1527 775 1575 Hyperes
807 1527 969 1572 contra,
1000 1525 1073 1571 qui
1105 1524 1218 1571 apud
1251 1521 1514 1561 Pausaniam
1536 1521 1724 1569 Neptuno
1755 1521 1891 1560 utitur
1908 1524 2051 1570 patre,

421 1604 461 1640 in
511 1603 590 1640 hoc
639 1602 876 1640 stemmate
924 1599 1154 1638 Telamonis
1194 1599 1375 1637 vocatur
1413 1597 1546 1645 filiu83
1590 1597 1796 1644 quoniam
1843 1596 2053 1644 Alcyonei

420 1679 445 1715 i.
466 1687 501 1715 e.
535 1676 784 1715 Telamonis
816 1675 891 1713 filii
925 1684 1084 1713 nomen
1119 1674 1297 1712 ductum
1327 1674 1394 1711 est
1423 1671 1475 1710 ab
1494 1671 1707 1720 Alcyone,
1739 1671 1790 1709 ab
1819 1671 1894 1709 illa
1919 1672 2052 1719 igitur

418 1762 525 1799 quae
576 1751 703 1799 vulgo
750 1751 929 1798 Neptuni
976 1749 1161 1787 habetur
1212 1758 1336 1796 uxor,
1380 1747 1570 1795 suspicio
1619 1747 1757 1785 oritur
1803 1746 2053 1785 Telamonis

418 1837 576 1867 nomen
623 1828 753 1875 ipsius
796 1826 977 1874 Neptuni
1018 1824 1156 1862 fuisse
1198 1832 1453 1871 cognomen.
1498 1822 1769 1870 Quaeramus
1802 1831 1909 1860 num
1940 1821 2054 1860 forte

417 1904 591 1941 exstent
620 1903 906 1950 argumenta,
942 1899 1098 1947 quibus
1130 1899 1238 1936 haec
1270 1897 1459 1945 suspicio
1494 1896 1764 1935 corroborari
1796 1896 1946 1944 possit.

473 1977 723 2016 Telamonis
770 1986 930 2014 nomen
975 1973 1293 2022 seiungendum
1344 1982 1428 2010 non
1472 1974 1540 2010 est
1583 1971 1634 2010 ab
1677 1972 1776 2010 aliis
1809 1982 1864 2010 ex
1895 1972 2044 2011 eadem

414 2053 548 2100 stirpe
579 2055 646 2089 τλά
679 2052 820 2090 ductis
852 2050 978 2098 quale
1012 2051 1082 2088 est
1118 2047 1370 2097 Τλαμονίδας
1403 2047 1529 2093 (Xen.
1558 2047 1670 2086 Hell.
1691 2047 1742 2094 V,
1773 2048 1811 2095 3,
1843 2049 1897 2092 3).
1929 2047 2047 2086 Com-

414 2127 660 2174 ponendum
692 2128 826 2175 igitur
858 2127 926 2165 est
958 2135 1057 2164 cum
1091 2124 1269 2162 Atlante.

472 2203 597 2241 Hunc
629 2212 750 2251 vero,
784 2202 851 2241 cui
883 2200 1014 2250 πάσης
1046 2198 1255 2248 θαλάσσης
1279 2195 1429 2248 βένθεα
1462 2199 1566 2236 nota
1593 2199 1735 2244 erant,
1765 2198 1894 2236 deum
1912 2197 2046 2236 fuisse

415 2278 633 2316 marinum
681 2278 769 2315 iam
818 2276 948 2315 multi
995 2276 1097 2314 ante
1139 2284 1218 2313 nos
1259 2273 1552 2312 coniecerunt.
1596 2272 1886 2311 Conferantur
1919 2273 2047 2311 modo

414 2363 566 2391 versus
600 2352 621 2389 δ
656 2353 740 2391 384
776 2362 893 2400 sqq.:

588 2425 779 2465 πωλέεταί
807 2442 863 2473 τις
896 2426 1014 2477 δεῦρο
1048 2423 1174 2476 γέρων
1207 2423 1316 2470 ἅλιος
1350 2422 1545 2474 νημερτὴς

588 2500 792 2547 ἀθάνατος
827 2500 1014 2552 Πρωτεὺς
1048 2499 1291 2551 Αἰγύπτιος,
1324 2497 1365 2544 ὅς
1397 2512 1436 2536 τε
1467 2497 1676 2548 θαλάσσης

587 2576 716 2626 πάσης
749 2575 898 2626 βένθεα
930 2575 1067 2623 ιΡοῐδε,
1099 2573 1384 2619 Ποσειδάωνος
1417 2572 1622 2623 ὑποδμώς.

410 2651 530 2689 Sicut
562 2666 584 2687 α
618 2652 672 2690 52
706 2651 756 2690 de
789 2652 971 2690 Atlante
1005 2651 1187 2689 dicitur:
1221 2647 1297 2699 ἔχει
1330 2646 1373 2686 δέ
1405 2662 1442 2686 τε
1473 2647 1612 2693 κίονας
1644 2645 1764 2692 αὐτὸς

586 2724 757 2775 μακρὰς,
788 2726 830 2763 αἳ
860 2725 979 2776 γαῖάν
1012 2739 1050 2763 τε
1082 2722 1148 2763 καὶ
1181 2721 1359 2774 οὐρανὸν
1392 2721 1519 2772 ἀμφὶς
1551 2721 1732 2773 ἔχουσιν,

405 2802 468 2839 sic
514 2801 677 2849 posteri
735 2801 987 2838 cecinerunt
1036 2801 1086 2839 de
1134 2800 1279 2838 Protei
1327 2798 1545 2837 columnis
1592 2798 1706 2836 mari
1752 2797 1795 2835 in
1843 2797 2041 2836 orientali

405 2877 585 2924 positis:

667 2951 841 2989 Atrides
875 2951 1020 2989 Protei
1054 2951 1279 2989 Menelaus
1311 2950 1505 2996 adusque
1538 2948 1765 2987 columnas

667 3025 819 3063 exulat
851 3025 993 3073 (Verg.
1031 3027 1138 3064 Aen.
1173 3026 1235 3063 XI
1269 3026 1383 3069 263).
