2200 3487
492 337 570 373 154
1162 349 1215 376 DE
1248 348 1443 377 CARNEIS.

487 459 535 496 In
577 459 699 497 libris
740 461 895 508 legitur
937 460 1058 511 ὥρα,
1093 463 1206 500 unde
1241 462 1367 511 vulgo
1400 474 1422 501 e
1455 463 1662 511 Scaligeri
1695 465 1943 503 coniectura
1975 464 2115 502 editur

487 532 677 580 κυκλὰς
710 531 827 572 ἁνίκα
865 536 1063 586 Καρνείου
1095 537 1361 586 περινίσσεται
1393 537 1513 585 ὥρα;
1548 549 1658 585 quae
1686 539 1812 577 lectio
1839 539 1940 577 lice*u
1967 539 2112 577 adver-

485 609 651 648 sarium
708 611 866 650 habeat
910 612 1181 660 Hesychium
1229 623 1263 651 s.
1297 623 1337 651 v.
1384 613 1647 662 περινίσσεται
1694 613 1816 661 ὥρας,
1862 614 2001 652 multo
2048 615 2116 652 est

487 684 738 732 elegantior.

547 758 673 805 Χέλυς
713 761 789 799 illa
832 758 938 807 ὀρεία
981 763 1091 800 satis
1134 763 1378 801 defenditur
1419 763 1582 811 Hymn.
1624 764 1749 802 Merc.
1792 775 1856 802 vs.
1891 764 1970 802 33:
2003 762 2113 813 χέλυς

485 833 643 885 οὔρεσσι
685 836 852 881 ζώουσα.
897 837 1013 885 Quod
1058 838 1109 875 ad
1156 838 1286 876 verba
1328 837 1502 888 ἀλύρους
1543 839 1716 887 ὕμνους,
1746 850 1817 878 res
1850 840 1917 877 est
1949 840 2112 877 contro-

487 921 631 960 versa,
678 912 728 950 de
776 922 860 959 qua
908 913 990 950 duo
1039 913 1139 961 viri,
1183 912 1346 962 άριστῆς
1385 911 1426 951 ἐν
1465 914 1691 966 φιλολογίᾳ,
1734 923 1912 962 prorsus
1942 913 2116 951 diversa

484 988 731 1025 senserunt.
771 987 912 1025 Vertit
945 988 1058 1026 enim
1094 987 1140 1026 G.
1169 988 1451 1026 Hermannus
1487 989 1709 1036 „carmina
1741 989 1905 1036 epica”‚
1938 987 2114 1026 Valcke-

484 1062 658 1100 naerius
691 1064 839 1100 autem
875 1063 1097 1111 „carmina
1129 1063 1371 1110 lugubria”.
1405 1063 1615 1110 Equidem
1649 1063 1773 1102 illum
1807 1063 1929 1109 sequi
1961 1062 2114 1111 velim,

482 1137 583 1175 licet
615 1137 950 1176 lamentantium
986 1138 1189 1186 querelae
1214 1140 1266 1177 ad
1292 1139 1448 1177 tibiam
1478 1142 1678 1178 cantatae
1706 1140 1756 1177 ab
1785 1139 1983 1187 Euripide
2012 1138 2114 1176 alibi

484 1214 694 1251 vocentur
719 1211 859 1261 ἄλυροι
884 1212 1021 1263 ἔλεγοι.
1056 1214 1165 1252 Nam
1203 1214 1323 1262 epica
1355 1215 1550 1253 carmina
1584 1225 1607 1253 a
1644 1215 1872 1263 rhapsodis
1904 1214 1946 1251 in
1981 1215 2111 1252 certa-

484 1287 675 1326 minibus
702 1289 822 1327 nulla
848 1289 944 1337 lyra
969 1290 1163 1328 adhibita
1190 1290 1498 1328 recitabantur.
1528 1290 1713 1329 Gerebat
1738 1291 1853 1329 enim
1873 1288 2116 1338 rhapsodus

480 1363 718 1410 scipionem
753 1364 874 1408 (Vide
906 1364 1094 1403 Timoth.
1128 1364 1376 1404 WilamOW.
1410 1376 1449 1413 p.
1484 1366 1568 1409 76).

540 1438 707 1476 Chorus
750 1439 882 1486 igitur
926 1439 1120 1478 Alcestin
1164 1440 1413 1478 defunctam
1460 1440 1600 1478 valere
1632 1440 1786 1478 iubens
1818 1449 2041 1478 summam
2075 1439 2114 1477 ei

487 1514 598 1561 apud
631 1516 829 1562 posteros
861 1515 1025 1553 famam
1057 1516 1291 1564 promittit,
1326 1526 1424 1554 curn
1459 1518 1552 1554 tam
1581 1516 1763 1554 Athenis
1793 1537 1844 1542 —
1873 1515 1917 1552 in
1943 1515 2114 1553 theatro

485 1589 671 1637 scilicet,
730 1600 833 1628 nam
888 1591 1133 1639 Euripidem
1183 1592 1251 1629 his
1296 1591 1440 1630 verbis
1487 1601 1610 1630 suam
1660 1591 1798 1639 ipsius
1842 1590 2111 1638 tragoediam

486 1663 760 1712 significasse
800 1676 885 1704 non
929 1667 1087 1705 iniuria
1128 1667 1396 1705 contenderit
1437 1668 1595 1714 aliquis
1637 1689 1690 1693 —
1734 1676 1863 1713 quam
1905 1665 2112 1704 Lacedae-

488 1751 615 1779 mone
647 1751 799 1780 mense
831 1741 996 1780 Oarneo
1027 1742 1253 1790 plenilunii
1284 1743 1395 1781 festo
1428 1753 1538 1781 uxor
1569 1743 1737 1791 optima
1769 1742 1826 1780 sit
1858 1741 2074 1779 auditura.

548 1816 694 1854 Mense
727 1819 874 1855 autem
909 1817 1073 1856 Oarneo
1105 1819 1198 1857 dies
1230 1819 1394 1866 aliquot
1425 1819 1562 1858 festos
1592 1818 1808 1866 Apollinis
1835 1818 1877 1855 in
1905 1817 2112 1855 honorem

487 1892 630 1939 egisse
673 1891 910 1939 Spartanos
952 1893 1038 1930 iam
1083 1893 1333 1942 didicimuS,
1378 1904 1477 1932 cum
1510 1903 1679 1941 pugnae
1712 1892 2009 1931 Marathoniae
2040 1901 2116 1930 cur

486 1978 570 2006 non
625 1967 931 2006 interfuissent
986 1968 1316 2007 Lacedaemonii
1366 1969 1571 2007 historico
1619 1979 1640 2007 e
1687 1968 1832 2006 libello
1880 1965 2115 2015 accipieba-

488 2052 598 2081 mus.
642 2043 699 2081 At
739 2043 840 2089 quid
883 2044 1091 2082 Alcestidi
1134 2044 1385 2082 Thessaliae
1417 2044 1590 2091 reginae
1623 2054 1718 2082 cum
1756 2042 1968 2082 Garneis‘?
2001 2041 2116 2090 Quae

485 2118 568 2155 suit
614 2117 768 2156 Carnei
814 2119 1029 2166 Apollinis
1075 2121 1235 2157 natura
1274 2121 1404 2167 atque
1445 2120 1632 2167 indoleS,
1676 2121 1722 2158 ut
1756 2129 1855 2157 cum
1888 2118 2019 2156 huius
2050 2117 2117 2155 dei

486 2193 626 2231 sacris
656 2193 891 2232 Alcestidis
922 2204 1080 2232 nomen
1113 2194 1318 2242 coniungi
1349 2195 1527 2242 posset?
1559 2194 1689 2242 Nam,
1725 2197 1773 2232 ut
1804 2193 1948 2241 quivis
1981 2193 2117 2240 videt,

488 2268 539 2306 de
586 2269 777 2306 carmine
819 2279 903 2307 non
947 2270 1085 2308 semel
1125 2270 1370 2316 iterumque
1412 2270 1454 2307 in
1498 2269 1677 2308 Carneis
1719 2269 1906 2317 prolato,
1951 2268 2025 2306 sed
2068 2268 2118 2306 de

489 2344 683 2382 carmine
713 2345 885 2383 solemni
915 2345 1143 2394 Euripides
1175 2346 1380 2393 loquitur.

549 2419 708 2457 Parum
761 2422 909 2459 autem
958 2421 1135 2469 prodest
1179 2421 1241 2468 id,
1286 2422 1397 2468 quod
1445 2420 1678 2459 observare
1724 2420 1865 2459 solent
1911 2420 2122 2458 editores:

495 2495 683 2541 „mirum
722 2505 805 2532 non
838 2505 952 2544 esse,
989 2497 1099 2543 quod
1137 2497 1179 2534 in
1212 2496 1480 2535 carminibus
1511 2496 1701 2544 Apollini
1732 2496 1871 2534 sacris
1903 2494 2122 2533 celebrata

490 2570 548 2607 sit
595 2570 663 2608 dei
698 2570 742 2607 in
786 2570 1025 2618 Admetum
1069 2571 1416 2619 benevolentia''‚
1461 2574 1505 2609 et
1545 2572 1700 2610 testari
1734 2571 1937 2608 videntur
1968 2570 2122 2617 poetae

491 2645 637 2694 verba,
681 2645 887 2683 fabellam
924 2647 966 2684 in
999 2646 1228 2685 Thessalia
1259 2649 1402 2685 ortam
1435 2647 1684 2685 arctissimo
1716 2645 1902 2692 quodam
1935 2644 2117 2682 sanctis-

489 2720 687 2766 simoque
729 2731 845 2759 nexu
888 2722 1136 2760 cohaesisse
1179 2732 1278 2761 cum
1319 2723 1386 2760 dei
1426 2721 1773 2770 peloponnesiaci
1815 2721 1936 2758 cultu
1971 2729 2117 2767 perve-

492 2797 625 2833 tusto.
671 2795 940 2844 Quaeramus
982 2797 1115 2844 igitur
1146 2808 1201 2835 an
1235 2799 1453 2845 veterum,
1488 2807 1597 2844 quae
1629 2797 1681 2835 ad
1714 2805 1794 2834 nos
1826 2795 2118 2843 pervenerunt

492 2870 542 2908 de
575 2870 738 2910 Oarneo
766 2871 843 2910 deo
876 2870 1224 2920 observationes,
1257 2872 1496 2920 praebeant
1528 2871 1639 2927 quod
1672 2871 1724 2908 ad
1757 2879 1849 2908 rem
1882 2869 2025 2907 faciat.
