2200 3487
373 333 426 370 52
1069 338 1118 365 DE
1151 338 1296 365 AIACE.

371 466 424 493 ex
453 466 502 494 ea
528 458 737 504 genuerat
763 456 969 494 Aeacum.
1000 452 1081 490 Hic
1109 451 1296 490 duxerat
1322 451 1559 489 Endeidem
1580 451 1770 490 Scironis
1787 450 1922 489 filiam
1944 473 1994 478 -—

370 534 437 571 est
468 533 717 571 Sciradeum
752 529 990 568 Salaminis
1022 527 1375 575 promunturium
1409 549 1459 554 ——
1490 527 1603 566 unde
1636 529 1767 566 natus
1799 527 1996 575 Telamo,

369 608 439 654 qui
473 606 738 645 Salaminius
770 605 903 652 igitur
935 603 1177 641 secundum
1212 602 1325 640 hanc
1357 601 1552 641 fabulam
1586 603 1681 641 fuit.

426 683 638 730 Vidimus,
667 683 737 728 qui
766 678 1048 728 amplificatio
1072 678 1245 716 fabulae
1263 678 1471 727 Rhodiae,
1497 689 1606 726 quae
1625 689 1723 718 cum
1748 678 1995 727 Tlepolemo

367 759 605 805 inceperat,
655 766 757 794 mox
805 755 953 803 plures
996 755 1149 793 heroes
1183 754 1479 793 introduxerit
1510 755 1553 793 in
1591 755 1788 793 Iliadem.
1821 754 1998 793 Telamo

365 832 553 880 exempli
593 831 734 879 gratia
776 830 889 868 haud
933 829 1061 867 dubie
1094 829 1411 877 aliquantisper
1445 830 1713 868 carminibus
1746 830 1998 868 Salaminiis

364 909 431 946 est
460 906 715 946 celebratus.
751 905 931 944 Saeculo
967 914 1068 943 vero
1103 906 1251 953 sexto,
1285 906 1519 952 postquam
1552 906 1848 944 Athenienses
1875 916 1993 944 occu-

363 984 520 1030 parunt
553 981 819 1020 Salaminem
854 980 1120 1029 phylamque
1154 980 1406 1018 Aiantidem
1445 982 1603 1019 ceteris
1635 991 1794 1020 novem
1828 981 1996 1020 addide-

360 1060 478 1106 runt,
530 1057 759 1096 Aiantidae
800 1057 955 1095 heroes
999 1067 1103 1095 suos
1146 1066 1302 1094 omnes
1335 1077 1386 1082 -
1424 1056 1707 1096 Telamonem
1742 1067 1910 1104 quoque
1943 1080 1995 1084 —

356 1134 398 1170 in
431 1133 612 1171 Iliadem
646 1133 781 1181 recipi
823 1132 1073 1171 voluerunt.
1114 1133 1267 1181 „Auch
1296 1132 1363 1171 ein
1393 1133 1607 1172 attisches
1634 1133 1798 1172 scolion
1831 1133 1996 1181 spricht

358 1210 424 1248 die
457 1209 644 1248 tendenz
677 1209 1008 1247 unumwunden
1042 1218 1144 1246 aus:
1184 1207 1277 1256 „tbv
1315 1210 1530 1257 Τελαμῶνα
1562 1214 1739 1259 πρῶτον,
1773 1208 1926 1246 Αἴαντα
1954 1206 1996 1246 δὲ

359 1285 543 1334 δεύτερον
577 1282 614 1329 ἐς
652 1285 799 1333 Τροΐαν
832 1281 1017 1334 λέγουσιν
1046 1282 1180 1321 ἐλθεῖν
1209 1285 1386 1321 Δαναῶν
1413 1282 1480 1321 καὶ
1498 1281 1708 1333 Ἀχιλλέα”.
1745 1284 1830 1322 Des
1864 1284 1993 1323 Hera-

358 1360 451 1399 kles
500 1360 575 1398 hat
624 1370 726 1398 man
774 1360 868 1398 hier
915 1369 1026 1407 ganz
1070 1369 1331 1407 vergessen;
1377 1359 1518 1398 selbst
1559 1359 1783 1398 Achilleus
1823 1360 1882 1398 ist
1914 1370 1994 1398 nur

358 1446 513 1474 annex.
549 1436 602 1474 So
636 1439 793 1483 mogen
827 1435 894 1473 die
927 1434 1255 1473 nachkommen
1287 1435 1363 1474 des
1395 1435 1643 1483 Eurysakes
1677 1435 1778 1473 oder
1805 1435 1995 1473 Philaios

358 1522 584 1560 gesungen
617 1511 801 1549 haben’'.
837 1510 1152 1555 (Wilamowitz
1186 1510 1403 1549 Herakles
1435 1521 1474 1558 p.
1510 1512 1593 1556 82).

418 1587 629 1635 Quidquid
678 1586 812 1634 igitur
860 1585 1040 1624 Telamo
1089 1583 1108 1623 ὁ
1157 1583 1308 1636 ἀγαυός
1356 1587 1439 1624 fuit
1486 1588 1723 1634 antequam
1773 1586 1994 1625 Salamine

360 1663 489 1701 heros
518 1661 696 1700 habitus
729 1663 796 1701 est
829 1663 959 1709 atque
987 1662 1112 1710 patre
1145 1661 1204 1700 ibi
1236 1672 1344 1700 usus
1370 1664 1438 1700 est
1470 1663 1631 1711 Aeaco,
1667 1663 1740 1709 qni
1774 1663 1816 1700 et
1848 1663 1940 1710 ipse
1973 1672 1995 1700 e

357 1737 584 1776 Thessalia
618 1737 685 1775 vel
719 1738 835 1776 certe
868 1747 890 1775 e
923 1737 1099 1784 regione
1133 1736 1313 1775 Maliaca
1346 1737 1615 1776 Salaminem
1652 1737 1908 1785 emigraiat,
1938 1758 1995 1764 -—

357 1814 592 1851 statuimus
619 1813 701 1852 hac
727 1823 781 1851 ex
809 1812 955 1851 insula
982 1813 1026 1850 in
1055 1813 1178 1850 cuius
1206 1812 1367 1850 vicinia
1395 1813 1599 1859 quattuor
1623 1813 1804 1851 nomina
1822 1812 1994 1851 aliunde

357 1888 554 1937 oriunda,
599 1888 787 1937 Aeacus,
833 1888 1030 1936 Telamo,
1066 1888 1197 1936 Aiax,
1232 1887 1414 1935 Teucer,
1451 1887 1727 1935 genealogice
1762 1888 1994 1926 coniuncta

358 1964 496 2011 erant,
526 1963 775 2002 Telamonis
803 1973 963 2002 nomen
992 1973 1080 2001 una
1108 1973 1206 2001 cum
1234 1962 1443 2000 Philaidis
1461 1962 1658 2000 Athenas
1677 1963 1992 2011 commigrasse

357 2040 485 2085 atque
510 2039 568 2077 ibi
596 2048 620 2076 a
646 2038 879 2087 rhapsodis
906 2038 948 2076 in
975 2038 1160 2077 Iliadem
1194 2048 1291 2077 esse
1324 2037 1558 2076 insertum.
1591 2038 1738 2084 Neque
1770 2037 1993 2076 abundant

356 2113 438 2152 loci
471 2113 543 2152 ubi
577 2115 956 2152 commemoratur
990 2113 1039 2158 (Θ
1068 2113 1167 2162 283,
1204 2114 1247 2150 N
1276 2113 1372 2161 177,
1409 2114 1441 2150 P
1464 2113 1564 2161 293,
1601 2114 1632 2149 P
1661 2113 1758 2160 284,
1793 2115 1813 2150 λ
1847 2114 1961 2158 553).

416 2188 497 2227 Sed
548 2188 794 2237 Τελαμώνιοι
839 2189 880 2227 in
933 2189 1127 2227 carmine
1171 2188 1291 2236 epico
1335 2188 1542 2226 dicuntur
1583 2189 1676 2226 tam
1711 2188 1823 2227 Aiax
1857 2198 1988 2236 quam

355 2263 528 2302 Teucer.
577 2264 684 2302 Tam
732 2264 846 2303 Aiax
894 2274 1026 2311 quam
1075 2263 1239 2302 Teucer
1283 2263 1504 2301 Salamine
1548 2263 1726 2301 demum
1769 2263 1813 2301 in
1845 2263 1990 2302 insula

355 2338 457 2376 facti
490 2340 592 2377 sunt
626 2339 882 2378 Telamonii.
928 2339 1155 2377 Salaminii
1195 2340 1344 2376 autem
1378 2338 1583 2386 rhapsodi
1615 2339 1847 2377 tantumne
1879 2339 1991 2378 vale-

355 2413 476 2461 bant,
512 2416 559 2451 ut
593 2424 836 2462 cognomen
865 2414 1108 2453 Telamonii
1140 2414 1183 2452 in
1218 2413 1353 2452 Iliade
1381 2423 1479 2452 cum
1509 2413 1759 2452 nominibus
1785 2413 1917 2452 Aiace
1946 2416 1990 2453 et

357 2487 519 2526 Teucro
553 2488 610 2526 ibi
643 2499 718 2536 per
752 2489 978 2536 complura
1010 2488 1187 2527 saecula
1221 2488 1362 2527 obviis
1395 2488 1657 2535 coniungere
1684 2489 1897 2536 possent?
1924 2490 1990 2527 An

355 2562 395 2600 id
427 2563 699 2611 perfecerunt
733 2564 939 2612 rhapsodi
967 2564 1264 2603 Athenienses
1291 2565 1524 2611 postquam
1553 2563 1776 2601 Philaidae
1802 2563 1990 2602 Athenis

354 2647 578 2676 summum
605 2638 749 2677 locum
775 2640 1078 2687 occuparunt?
1107 2639 1288 2677 Saeculo
1312 2639 1447 2691 igitur
1465 2639 1620 2677 sexto?
1648 2638 1804 2685 Ecquis
1822 2639 1989 2677 credit?

413 2713 456 2750 Si
499 2713 597 2759 quid
641 2713 856 2762 videmus,
902 2715 1012 2752 Aiax
1056 2716 1099 2753 et
1139 2714 1302 2752 Teucer
1340 2714 1384 2751 in
1416 2713 1549 2752 Iliade
1582 2714 1682 2750 ante
1716 2713 1985 2752 vocabantur

355 2787 598 2835 Τελαμώνιοι
656 2798 785 2834 quam
846 2789 1033 2837 Τελαμών
1091 2790 1184 2837 ipse
1241 2789 1386 2827 locum
1444 2788 1487 2826 in
1544 2788 1737 2826 carmine
1780 2788 1981 2826 obtinuit.

349 2862 509 2900 Statim
538 2862 655 2900 enim
685 2872 783 2900 cum
811 2863 853 2900 in
878 2864 1070 2901 carmine
1099 2863 1273 2902 obviam
1303 2862 1387 2901 sibi
1414 2862 1603 2901 fuissent
1621 2863 1732 2900 Aiax
1753 2862 1984 2902 Locrensis

349 2939 391 2974 et
423 2937 534 2974 Aiax
568 2936 657 2984 ille,
686 2937 756 2983 qui
785 2937 1010 2976 Locridem
1039 2949 1137 2976 cum
1171 2939 1348 2987 regione
1381 2938 1586 2976 Saronico
1615 2938 1730 2975 sinui
1759 2937 1983 2976 adiacente

346 3013 681 3060 commutasset,
717 3012 899 3050 heroum
929 3012 1320 3052 discernendorum
1349 3023 1482 3052 causa
1509 3023 1688 3052 necesse
1717 3013 1799 3051 fuit
1827 3013 1985 3051 addere
