2200 3487
467 319 548 356 150
1083 333 1137 360 DE
1170 333 1466 364 AMAZONIBUS.

460 440 596 480 fuisse
637 444 858 491 putarent.
901 445 1178 493 Tyndareum
1222 448 1352 496 enim,
1395 448 1589 487 Helenae
1630 450 1813 498 patrem,
1847 459 1943 487 cum
1979 448 2092 488 filiae

459 526 612 564 procos
653 519 824 567 adigere
868 521 1000 560 vellet
1039 522 1093 560 ad
1134 523 1456 572 iusiurandum,
1499 534 1582 571 quo
1625 524 1817 563 Helenae
1858 524 2091 571 maritique

461 592 598 630 vitam
631 594 682 632 ab
715 596 835 633 omni
867 596 1025 634 iniuria
1056 607 1102 635 se
1134 597 1391 636 defensuros
1422 599 1732 646 promitterent
1762 600 1962 647 iuvenes,
1991 609 2092 646 equo

460 671 636 706 mactato
677 680 752 717 per
792 670 961 709 hostiae
1002 671 1116 719 τόμια
1158 673 1326 711 iuratos
1367 673 1660 712 obstrinxisse
1684 671 1724 719 1).
1768 675 1815 712 In
1848 674 2092 722 Lysistrata

459 746 607 782 autem
639 744 786 783 fabula
805 741 847 793 2),
881 757 980 785 cum
1014 747 1064 786 de
1097 748 1350 786 coniurandi
1380 749 1548 787 ratione
1580 750 1792 797 modoque
1823 750 1937 788 inter
1968 749 2090 788 femi-

459 828 540 857 nas
582 819 631 858 fit
669 830 833 870 sermo,
877 833 964 861 una
1006 833 1060 862 ex
1101 825 1155 862 iis
1196 835 1348 871 equum
1390 821 1534 863 album
1572 826 1759 864 mactari
1790 825 1926 873 iubet,
1961 835 2090 873 quem

459 905 627 934 morem
671 897 723 935 ad
765 898 1015 937 Amazones
1057 909 1170 937 unus
1212 910 1234 938 e
1275 901 1432 948 priscis
1475 901 1788 949 interpretibus
1828 901 1872 939 in
1914 901 2092 940 scholiis

459 971 644 1010 rettulit.
688 972 830 1020 Equos
871 975 1019 1012 autem
1062 975 1113 1012 ab
1156 976 1457 1015 Amazonibus
1489 977 1744 1015 immolatos
1777 979 2097 1016 commemorat

460 1046 594 1085 etiam
622 1047 791 1086 Pseudo
813 1048 1013 1089 Callisth.
1042 1051 1121 1099 III,
1159 1052 1226 1090 25.

518 1122 600 1160 Sed
654 1123 868 1163 Helenam
917 1127 960 1163 et
1006 1125 1189 1164 Dianam
1241 1127 1441 1166 Orthiam
1489 1128 1733 1176 mittimus,
1783 1128 1835 1166 de
1883 1137 1968 1175 qua
2014 1128 2093 1166 dea

456 1198 599 1237 multa
646 1199 784 1237 bonae
831 1200 969 1249 frugis
1016 1201 1269 1241 observavit
1310 1203 1530 1242 Thomsen
1552 1199 1594 1245 ³).
1639 1203 1744 1252 Quid
1787 1206 1934 1242 autem
1978 1204 2093 1242 inter

454 1273 641 1313 Dianam
673 1275 814 1323 ipsam
847 1278 890 1325 et
922 1277 1170 1316 Amazones
1202 1278 1418 1317 interest?
1446 1279 1597 1318 Nonne
1624 1280 1763 1318 cuivis
1790 1279 2087 1327 perspicuum,

456 1350 648 1397 virgines
703 1350 818 1399 illas,
874 1362 895 1390 e
943 1352 1099 1399 quibus
1146 1352 1310 1392 Dianae
1358 1354 1516 1392 chorus
1561 1356 1655 1392 erat
1701 1355 1986 1401 constitutus,
2037 1353 2090 1392 ad

456 1435 587 1463 unam
614 1436 767 1465 omnes
793 1428 1022 1465 rettulisse
1058 1428 1196 1476 ipsius
1229 1429 1335 1467 deae
1366 1429 1607 1477 imaginem
1643 1430 1845 1478 „saepius
1878 1429 2015 1468 veluti
2045 1429 2090 1467 in

452 1501 641 1548 speculis
668 1502 750 1540 sibi
778 1503 989 1551 oppositis
1016 1504 1294 1551 repetitam.''
1327 1504 1440 1552 „Das
1469 1502 1687 1545 Gottliche
1716 1506 1774 1543 ist
1796 1505 1939 1544 seiner
1955 1505 2092 1543 Natur

453 1577 565 1614 nach
597 1578 665 1616 ein
698 1578 1032 1626 Unbegrenztes
1062 1578 1273 1629 (ἄπειρον),
1307 1581 1385 1619 das
1410 1581 1597 1619 niemals
1625 1582 1759 1620 durch
1787 1581 1881 1620 eine
1907 1581 2089 1628 Person,

454 1651 521 1690 die
564 1652 762 1692 wirklich
804 1654 1063 1693 individuell
1106 1658 1341 1703 geworden
1382 1656 1457 1705 ist,
1502 1667 1613 1704 ganz
1647 1657 1884 1705 ausgefullt
1916 1656 2090 1695 werden

455 1728 585 1767 kann.
618 1728 703 1768 Der
729 1730 875 1769 Plural
907 1731 966 1769 ist
998 1741 1053 1769 an
1085 1732 1178 1770 sich
1211 1734 1352 1770 etwas
1386 1732 1725 1771 Abstrakteres’'
1745 1727 1788 1777 4).

513 1805 705 1844 Fuerunt
747 1806 880 1853 igitur
922 1807 1170 1846 Amazones
1213 1816 1367 1845 omnes
1409 1807 1589 1856 Dianae,
1634 1810 1682 1846 ut
1712 1807 1852 1846 Diana
1883 1808 1977 1855 ipsa
2007 1806 2091 1844 fuit

454 1881 634 1919 Amazo.
669 1881 815 1929 Neque
846 1883 888 1919 in
923 1882 1112 1921 Orientis
1143 1883 1300 1930 angulo
1335 1883 1478 1930 aliquo
1506 1883 1689 1921 obscuro
1718 1883 1785 1922 vel
1813 1884 1856 1920 in
1884 1882 2090 1930 Scythiae

452 1957 627 2003 regione
659 1956 838 1994 hiberna
869 1957 1116 2004 quaerenda
1142 1959 1210 1996 est
1241 1968 1391 1996 earum
1420 1959 1581 2007 patria,
1611 1959 1686 1996 sed
1714 1958 1771 1996 ibi
1799 1958 1872 1996 ubi
1899 1958 2090 1997 Latonae

452 2031 542 2069 filia
574 2033 831 2079 primarium
865 2042 1038 2080 semper
1069 2033 1214 2071 locum
1249 2034 1290 2071 in
1324 2034 1552 2072 hominurn
1586 2033 1808 2072 mentibus
1835 2033 2087 2081 occupavit:

453 2110 498 2146 in
528 2108 620 2155 ipsa
654 2106 842 2146 Graecia.

503 2269 525 2306 ¹)
550 2271 652 2300 Paus.
677 2269 742 2309 ΙΙΙ,
768 2271 820 2306 20,
847 2272 876 2300 9.

499 2329 524 2368 ἵ)
548 2332 692 2369 Lysistr.
718 2341 765 2360 vs.
794 2333 854 2361 191
882 2341 934 2369 sq.

497 2390 526 2432 ³)
552 2393 652 2422 Arch.
678 2394 700 2422 f.
726 2393 798 2422 Rel.
824 2393 920 2422 Wiss.
945 2392 1018 2422 1X3-
1040 2393 1053 2415 4
1080 2403 1112 2432 p.
1139 2395 1201 2423 397
1229 2403 1303 2432 sqq.

498 2451 524 2491 ⁴)
550 2454 771 2483 Wilamowitz
796 2455 933 2487 Grieeh.
959 2457 1058 2493 Trag.
1083 2456 1117 2485 II
1143 2465 1174 2493 p.
1200 2456 1273 2485 217.
