2200 3487
429 325 482 362 24
1121 328 1173 355 DE
1206 326 1350 354 Ainos.

486 446 697 485 Omnibus
739 446 885 483 autem
925 440 1237 481 controversiis
1270 438 1467 486 omissis,
1502 437 1544 475 id
1576 436 1723 475 nullus
1756 445 1841 473 non
1874 434 2052 473 criticus

426 522 659 560 hodiernus
693 519 899 558 concedet
932 519 962 553 B
997 517 1077 554 557
1114 525 1176 561 sq.
1212 524 1307 552 esse
1340 512 1464 552 obelo
1495 512 1724 551 notandos.

485 597 608 646 Apud
665 597 906 634 Homerum
955 593 1085 640 igitur
1133 590 1379 629 Telamonii
1427 590 1477 628 de
1524 589 1666 637 patria
1713 588 1886 626 constat
1931 585 2052 624 nihil.

427 671 678 712 Conicimus
720 670 897 708 heroem
940 667 1138 714 Locride,
1184 665 1257 703 ubi
1296 675 1395 704 cum
1430 665 1563 703 Aiace
1595 665 1764 703 minore
1799 663 2057 701 coniunctus

426 750 588 797 fuerat,
622 747 791 793 relicta,
824 754 986 782 novam
1020 743 1170 781 sedem
1204 742 1398 780 nondum
1431 742 1528 779 tum
1560 740 1818 788 repperisse.
1859 738 2052 784 Uterque

427 824 543 862 enim
572 823 683 860 Aiax
709 831 731 858 e
760 819 936 858 Locride
958 817 1172 866 provenit,
1202 816 1274 855 ubi
1303 818 1348 855 et
1375 816 1540 855 Teucer
1567 817 1662 854 erat
1689 816 1838 862 natus,
1868 815 1916 852 ut
1939 813 2053 851 infra

427 906 641 946 exponere
669 894 934 934 conabimur.
959 893 1084 931 Nunc
1101 892 1211 930 satis
1231 892 1288 930 sit
1306 891 1566 930 observasse
1583 891 1838 939 Locrenses,
1859 888 1932 937 qui
1947 888 2056 927 libro

427 974 468 1010 Ν
497 972 682 1011 arcubus
715 970 875 1009 armati
904 969 1162 1017 procedunt,
1192 967 1341 1016 procul
1370 968 1498 1006 dubio
1525 966 1650 1005 initio
1677 965 1883 1004 habuisse
1901 964 2055 1003 ducem

425 1048 576 1087 eodem
624 1046 751 1085 modo
798 1045 1068 1083 instructum
1116 1045 1178 1093 ut,
1229 1054 1264 1082 e.
1284 1054 1323 1092 g.
1371 1041 1616 1092 Φιλοκτήτης
1658 1040 1782 1087 τόξων
1825 1038 1868 1078 ἐὺ
1908 1038 2053 1084 ,Ρειδώς

423 1123 622 1172 praeerat
669 1121 803 1169 copiis
848 1118 973 1165 τόξων
1009 1117 1052 1157 ἐὺ
1084 1117 1241 1157 ,Ρειδόσι
1272 1119 1367 1167 ,Ρῖφι
1399 1117 1597 1168 μάχεσθαι
1629 1118 1674 1162 (Β
1705 1117 1788 1156 718
1822 1120 1914 1163 sq.).
1951 1115 2054 1164 Quis

423 1199 570 1237 autem
627 1196 779 1235 melior
835 1195 990 1233 horum
1039 1194 1324 1233 Locrensium
1372 1194 1528 1233 fuisset
1577 1193 1666 1231 dux
1713 1202 1844 1240 quam
1891 1191 2054 1230 Teucer

426 1271 444 1311 ὀ
477 1271 667 1321 τοξότηςῗ)

482 1347 645 1387 Monuit
698 1347 860 1385 Usener
906 1356 950 1383 in
998 1345 1120 1394 libro,
1165 1345 1238 1392 qui
1279 1344 1533 1384 inscribitur
1577 1343 1824 1393 „Dreiheit”
1866 1343 2051 1382 triadem

422 1424 677 1473 plerumque
720 1433 741 1461 e
776 1421 932 1470 duade,
966 1421 1089 1460 illam
1123 1431 1225 1460 vero
1260 1432 1282 1460 e
1319 1421 1508 1460 monade
1540 1430 1637 1459 esse
1669 1422 1827 1460 ortam.
1861 1419 1979 1467 Quod
2010 1417 2056 1456 ni

422 1499 615 1538 fallimur
672 1498 742 1536 hic
797 1507 965 1544 quoque
1022 1496 1228 1535 obtinuit.
1284 1496 1427 1545 Vixit,
1473 1496 1638 1544 opinor,
1684 1495 1726 1533 in
1769 1493 2054 1533 Locrensium

422 1575 589 1623 mythis
630 1574 743 1612 Aiax
784 1573 960 1620 quidam
1003 1572 1130 1610 heros
1163 1573 1370 1611 strenuus
1402 1571 1579 1610 Herculi
1612 1571 1791 1619 similis,
1826 1569 1899 1618 qui
1931 1569 2056 1608 clava

423 1651 492 1690 vel
533 1651 662 1689 hasta
704 1650 949 1687 instructus
992 1658 1095 1686 suos
1142 1648 1416 1687 defendebat.
1451 1648 1547 1696 Sed,
1583 1649 1631 1686 ut
1663 1646 1876 1685 Hercules
1908 1654 2058 1692 quam-

422 1736 605 1774 cumque
637 1725 689 1764 ob
724 1734 903 1763 causam
931 1724 1104 1762 clavam
1131 1724 1325 1762 mutavit
1353 1734 1451 1762 cum
1480 1733 1595 1772 arcu,
1626 1723 1688 1761 sic
1715 1721 1836 1760 venit
1861 1722 2055 1768 tempuS‚

422 1813 503 1851 quo
546 1803 672 1841 heros
713 1800 943 1839 Locrensis
977 1810 999 1838 e
1031 1799 1242 1838 hastifero
1276 1799 1347 1838 vel
1380 1799 1597 1847 clavigero
1630 1797 1761 1836 fiebat
1794 1797 2056 1835 arcitenens

424 1877 729 1916 Coniectamus
771 1876 938 1913 factum
987 1874 1029 1912 id
1077 1884 1192 1923 esse,
1241 1884 1327 1922 qua
1373 1876 1520 1912 aetate
1568 1873 1783 1922 Apollinis
1826 1872 1969 1910 cultus
2012 1871 2056 1908 in

424 1953 645 1991 Locridem
688 1952 913 1999 ingressus
956 1950 1249 1997 antiquiorem
1292 1951 1434 1988 terrae
1486 1949 1811 1988 venerationem
1844 1946 2056 1996 paulatim

423 2028 663 2076 repelleret.
706 2027 847 2065 Heros
879 2025 1016 2074 enim,
1051 2025 1123 2072 qui
1156 2024 1381 2072 hucusque
1413 2024 1654 2063 habebatur
1685 2024 1922 2071 terrigena,
1954 2024 2059 2060 tunc

425 2103 637 2151 Apollinis
685 2101 890 2140 veniebat
937 2101 1018 2139 sub
1073 2102 1301 2150 auspiciiS,
1351 2101 1483 2140 fiebat
1524 2104 1573 2140 ut
1613 2101 1719 2139 deus
1761 2101 1855 2148 ipse
1887 2098 2058 2148 τοξότης.

424 2179 615 2217 Duarum
659 2177 917 2225 religionum
960 2177 1044 2215 sibi
1088 2176 1390 2225 oppositarum
1433 2177 1726 2226 discrepantia
1761 2175 1958 2224 perfecit,
2008 2175 2057 2213 ut

425 2254 570 2302 heros,
607 2253 678 2300 qui
711 2252 935 2300 hucusque
969 2253 1113 2291 fuerat
1146 2253 1397 2302 uniformis,
1429 2254 1586 2292 exinde
1612 2253 1780 2291 duabus
1807 2251 1886 2291 sub
1904 2251 2059 2291 formis

426 2329 630 2378 prodiret.
674 2328 885 2377 Quamvis
917 2331 1067 2368 autem
1099 2329 1176 2367 tali
1210 2329 1338 2367 modo
1374 2329 1626 2369 exstitisset
1657 2330 1838 2368 heroum
1875 2327 2056 2376 „duas’'‚

423 2403 657 2453 μονοειδοῦς
700 2404 793 2443 eius
837 2404 1016 2452 originis
1059 2404 1249 2452 vestigia
1291 2404 1531 2443 servabant
1569 2406 1741 2453 poetae,
1786 2404 1848 2441 ita
1886 2403 1930 2441 in
1963 2402 2055 2440 acie

425 2490 498 2518 eos
531 2479 863 2528 coniungentes,
899 2480 946 2518 ut
971 2479 1220 2518 arcitenens
1248 2479 1430 2518 alterius
1457 2479 1538 2518 sub
1567 2480 1692 2517 scuto
1720 2479 1855 2517 latere
1881 2477 2054 2516 soleret.

423 2553 521 2592 Mox
564 2553 737 2592 colonos
779 2553 1046 2601 emigrantes
1088 2554 1230 2592 secuti
1273 2554 1325 2592 ad
1358 2554 1505 2593 sinum
1539 2555 1754 2593 venerunt
1786 2553 2054 2592 Saronicum.

422 2628 485 2666 Ibi
517 2628 646 2667 heros
678 2629 857 2667 hastifer
889 2629 1173 2678 popularibus
1205 2630 1248 2668 in
1283 2630 1552 2669 carminibus
1579 2629 1716 2678 gloria
1741 2638 1887 2667 rerum
1917 2628 2055 2667 crevit

423 2705 681 2751 patremque
714 2704 896 2752 adeptus
930 2707 996 2743 est
1030 2705 1229 2743 divinum
1263 2705 1572 2752 Telamonem;
1606 2705 1756 2744 eodem
1790 2705 1913 2752 patre
1945 2703 2054 2742 frue-

424 2778 550 2817 batur
597 2779 741 2817 socius
789 2779 881 2817 eius
927 2779 1104 2829 τοξότης,
1156 2781 1228 2828 qui
1276 2781 1466 2820 fortasse
1514 2791 1538 2819 a
1579 2781 1717 2828 stirpe
1759 2794 1829 2817 τυκ
1869 2779 2053 2823 (treffen)

424 2854 646 2902 proprium
680 2854 922 2902 accipiebat
954 2865 1137 2894 nomen:
1176 2858 1365 2907 Τεῦκρον.

484 2928 561 2977 Qui
595 2939 696 2968 vero
730 2929 932 2967 homines
964 2931 1008 2967 in
1039 2931 1220 2970 Locride
1251 2933 1561 2971 remanserant
1586 2932 1763 2970 heroem
1793 2930 2054 2969 hastiferum

425 3004 602 3054 antiquo
660 3014 739 3044 suo
790 3005 966 3043 nomine
1015 3005 1156 3044 colere
1203 3007 1458 3058 pergebant,
1507 3007 1609 3046 licet
1656 3016 1754 3045 cum
1802 3005 2057 3044 Telamonio
