2141 3487
625 332 677 359 DE
710 328 996 359 EUGAMMONIS
1029 329 1283 359 TELEGONIA.
1678 323 1759 362 211

141 445 270 485 filiuS.
313 445 421 485 Cum
465 456 565 485 vero
608 445 751 485 Circes
792 444 929 484 filium
977 447 1059 484 duo
1105 447 1283 485 nomina
1329 447 1371 484 in
1413 447 1532 495 epico
1575 450 1766 489 carmine

141 522 346 561 habuisse
377 532 463 561 non
495 522 554 561 sit
587 522 842 572 verisimile,
876 522 1002 561 credo
1034 520 1059 572 ἤ
1091 523 1353 561 mutandum
1386 533 1482 562 esse
1513 523 1555 562 in
1588 524 1672 573 καί,
1705 526 1767 564 ita

143 600 190 637 ut
222 600 313 637 tam
343 596 462 636 Circe
495 608 628 646 quam
662 598 875 646 Penelope
907 598 1044 637 altero
1076 598 1261 637 donetur
1292 597 1394 638 filio.

200 674 355 713 Restat
386 676 434 712 ut
465 674 516 713 de
548 674 692 713 Ulixis
724 676 864 714 morte
897 674 1106 713 nonnulla
1137 674 1443 714 observemus:

199 751 341 790 Verba
373 751 554 790 Homeri
585 753 706 801 sunt,
739 754 759 789 λ
796 752 878 790 134
910 761 1025 799 sqq.:

743 827 922 874 θάνατος
954 825 996 865 δέ
1027 842 1086 866 τοι
1118 824 1155 873 ἐξ
1189 825 1280 873 ἁλὸς
1306 824 1332 873 1)
1365 826 1471 882 αὐτῷ

378 901 573 954 ἀβληχρὸς
593 899 620 946 2)
654 902 757 953 μάλα
789 905 892 949 τοῖος
925 900 1141 952 ἐλεύσεται,
1173 901 1215 949 ὅς
1246 900 1289 940 κέ
1321 914 1363 941 σε
1395 901 1529 958 πέφνῃ

378 975 488 1030 γῆρας’
524 978 604 1017 ὕπο
634 981 785 1032 λιπαρῷ
817 976 1030 1030 ἀρημένον·
1063 976 1166 1028 ἀμφὶ
1201 975 1243 1016 δὲ
1273 978 1361 1017 λαοὶ

378 1053 504 1105 ὄλβιοι
535 1053 730 1093 ἔσσονται.

141 1131 183 1169 Si
226 1130 472 1179 Telegonia‚
520 1130 557 1168 si
599 1140 752 1169 omnes
794 1129 965 1168 fabulae
1008 1131 1058 1169 de
1100 1130 1242 1169 Ulixis
1275 1132 1452 1171 interItu
1485 1133 1613 1182 plane
1644 1134 1769 1173 nobis

139 1209 289 1245 essent
319 1206 512 1256 ignotae,
547 1206 675 1254 quale
708 1206 867 1246 mortis
899 1216 1036 1254 genus
1068 1208 1434 1255 expectaremus?
1468 1208 1602 1257 Quem
1636 1208 1768 1248 finem

141 1283 384 1322 Homerum
416 1282 537 1320 heroi
569 1292 648 1320 suo
680 1283 778 1331 post
809 1283 875 1320 tot
907 1281 1078 1320 labores
1111 1284 1155 1320 et
1187 1293 1357 1322 errores
1388 1284 1632 1324 destinasse
1657 1285 1771 1325 inter

141 1370 313 1408 omnes,
359 1359 442 1398 nisi
483 1359 555 1407 qui
597 1369 729 1398 sensu
771 1358 941 1407 poetico
973 1369 1151 1407 prorsus
1184 1361 1334 1398 essent
1366 1360 1585 1410 destituti,
1620 1372 1771 1401 conve-

142 1437 287 1476 niret?
320 1436 449 1475 Nulla
481 1445 603 1474 mora
636 1435 934 1482 unusquisque
967 1435 1257 1474 exclamaret:
1292 1439 1507 1485 „mortem
1534 1437 1769 1489 placidam,

140 1513 307 1551 lenem:
342 1523 441 1551 cum
473 1512 517 1550 in
551 1521 602 1550 ea
628 1511 722 1550 sola
749 1510 927 1550 lectoris
954 1511 1127 1550 animus
1155 1512 1427 1559 acquiescere
1453 1514 1636 1562 possit.'’
1665 1515 1768 1564 Quid

141 1589 180 1627 si
222 1588 441 1627 Homerus
482 1586 550 1625 τὸν
592 1587 849 1637 πολύτλητον,
881 1587 953 1634 qui
984 1589 1050 1626 tot
1080 1588 1273 1636 pericula
1305 1590 1348 1627 et
1379 1599 1613 1629 aerumnas
1644 1602 1773 1630 exan-

141 1664 299 1703 tlasset
344 1666 393 1702 ut
439 1664 552 1703 inter
594 1674 697 1702 suos
738 1664 912 1711 quietus
953 1663 1166 1711 reliquam
1199 1664 1337 1703 vitam
1369 1665 1561 1716 degeret,
1595 1668 1648 1706 ab
1678 1668 1773 1716 ipso

143 1739 231 1778 filio
274 1740 482 1778 trucidari
525 1740 788 1778 cecinisset?
829 1739 975 1777 Taedii
1006 1739 1125 1787 pleni
1156 1740 1209 1778 ad
1242 1751 1378 1779 unum
1411 1751 1565 1782 omnes
1596 1753 1772 1783 carmen

144 1828 165 1855 e
208 1826 343 1855 manu
383 1816 664 1864 eiiceremus;
708 1825 810 1854 nam
852 1815 954 1855 licet
994 1816 1037 1853 et
1078 1815 1171 1854 vita
1202 1816 1442 1857 cottidiana
1473 1820 1517 1858 et
1547 1819 1772 1860 theatrum

142 1893 399 1932 hodiernum
441 1902 520 1931 nos
562 1893 761 1941 doceant,
795 1892 1041 1940 improbum
1074 1902 1159 1931 non
1192 1902 1365 1941 semper
1396 1894 1557 1944 puniri,
1589 1896 1771 1944 probum

142 1979 271 2017 saepe
303 1969 457 2007 merito
490 1968 684 2018 praemio
717 1968 896 2017 privari,
933 1978 1111 2007 carmen
1143 1968 1334 2019 epicum,
1362 1980 1445 2017 quo
1471 1971 1775 2012 describuntur

144 2056 214 2084 res
255 2055 342 2084 non
383 2045 446 2083 ita
487 2046 535 2083 ut
574 2048 690 2094 sum,
732 2044 807 2082 sed
848 2044 1063 2092 quomodo
1105 2046 1258 2092 poetae
1299 2045 1555 2095 imaginatio
1587 2059 1662 2088 eas
1693 2049 1774 2088 sibi

138 2121 352 2171 proponit,
401 2121 540 2169 exigit
585 2121 634 2159 ut
680 2120 868 2169 ignavus
910 2122 1153 2170 spernatur,
1193 2121 1319 2160 fortis
1362 2122 1616 2178 celebretur,
1648 2125 1776 2165 heros

143 2199 187 2236 in
216 2198 454 2237 certamine
481 2196 608 2235 cadat
635 2196 703 2234 vel
732 2196 869 2235 victor
895 2196 1054 2235 merita
1080 2197 1223 2245 quiete
1240 2198 1422 2248 fruatur,
1441 2199 1504 2238 ita
1520 2202 1568 2239 ut
1585 2201 1775 2241 iuniores

142 2274 271 2312 rebus
318 2273 504 2313 fortibus
551 2272 779 2311 narrandis
829 2282 878 2310 ac
921 2272 1206 2320 depingendis
1248 2274 1300 2312 ad
1343 2274 1459 2313 facta
1500 2285 1585 2314 non
1629 2277 1776 2315 minus

144 2349 273 2388 fortia
319 2349 503 2388 excitari
549 2348 734 2396 possint.
782 2348 835 2386 Et
875 2347 996 2386 velut
1037 2348 1152 2386 diem
1196 2348 1357 2388 laboris
1399 2352 1443 2389 et
1483 2350 1778 2391 dimicationis

146 2425 324 2473 plenum
370 2425 613 2472 sequuntur
659 2421 904 2472 ἀναθήματα
947 2428 1014 2473 τῆς
1056 2422 1190 2470 δαιτὸς
1230 2423 1297 2463 καὶ
1339 2425 1466 2473 ὕπνος
1507 2427 1675 2478 γλυκύς,
1715 2429 1779 2467 Sic

145 2500 382 2548 tranquilla
438 2502 645 2539 senectus
701 2500 934 2547 obitusque
992 2499 1189 2548 placidus
1243 2500 1400 2541 finiunt
1445 2502 1591 2542 herois
1639 2504 1777 2543 vitam

144 2576 423 2615 laboriosam.
462 2575 582 2624 Quod
613 2576 649 2614 si
682 2575 802 2624 ipsae
834 2586 904 2614 res
935 2576 1085 2624 gestae
1116 2576 1241 2615 dulce
1272 2577 1380 2616 illud
1414 2578 1519 2626 epici
1553 2580 1774 2618 somnium

193 2744 218 2782 ¹)
243 2746 346 2781 ἔξαλος
370 2756 438 2777 una
463 2756 546 2777 voce
569 2747 787 2778 Herodianus
808 2748 852 2777 cf.
877 2748 996 2787 ἔφαλος.

191 2804 217 2845 2)
241 2809 400 2849 ἀβληχρός
431 2809 473 2838 cl.
509 2810 535 2838 Θ
567 2809 629 2839 178
653 2807 829 2847 significat
855 2807 1014 2848 „debilis‚
1037 2809 1166 2840 lenie'':
1193 2808 1243 2840 sic
1267 2811 1334 2841 iam
1361 2811 1565 2842 Eustathius
1590 2812 1633 2842 ad
1657 2817 1671 2842 λ
1698 2814 1777 2843 134:

150 2869 327 2910 ,,ἀβληχρὺς
355 2870 388 2899 δὲ
419 2871 560 2903 θάνατος
590 2870 605 2898 ὁ
635 2870 772 2908 ἀσθενὴς
803 2871 853 2899 καὶ
880 2871 1022 2910 ἠρεμαῑος
1042 2871 1093 2900 διὰ
1116 2871 1149 2900 τὰ
1175 2871 1299 2906 ἄνοσον,
1322 2873 1426 2906 ὁποῖος
1449 2874 1464 2901 ὁ
1490 2876 1519 2902 ἐν
1544 2876 1622 2913 γήρᾳ
1645 2876 1780 2910 μάλιστα

143 2931 297 2971 λιπαρῷ”.
320 2931 382 2961 Est
404 2940 496 2961 mors
521 2939 589 2968 qua
614 2931 693 2969 quis
715 2932 947 2968 exstinguitur
971 2931 1064 2961 omni
1088 2932 1206 2962 dolore
1228 2935 1262 2962 et
1287 2932 1411 2971 agonia
1434 2931 1596 2963 vacuus”.

187 2992 225 3021 E.
251 3000 282 3028 g.
308 2990 359 3021 sic
384 2994 542 3022 mortuus
567 2994 619 3021 est
643 2990 796 3022 Menelai
822 2992 1038 3029 gubernator
1062 2991 1223 3023 Phrontis
1243 2991 1274 3034 (γ
1294 2992 1372 3034 280)
1394 3003 1494 3032 quern
1517 2988 1771 3033 Apollozffofo·

144 3054 287 3089 ἀγανοῖσι
311 3053 451 3091 βέλεσσιν
477 3055 680 3091 ἐποιχόμενος
703 3052 905 3092 κατέπεφνε”.
