<?xml version="1.0" encoding="UTF-8"?>
<!DOCTYPE html PUBLIC "-//W3C//DTD XHTML 1.0 Transitional//EN"
    "http://www.w3.org/TR/xhtml1/DTD/xhtml1-transitional.dtd">
<html xmlns="http://www.w3.org/1999/xhtml" xml:lang="en" lang="en">
 <head>
  <title>
</title>
<meta http-equiv="Content-Type" content="text/html;charset=utf-8" />
  <meta name='ocr-system' content='tesseract 3.04.00' />
  <meta name='ocr-capabilities' content='ocr_page ocr_carea ocr_par ocr_line ocrx_word'/>
</head>
<body>
  <div class='ocr_page' id='page_1' title='image "./deaiacisoriginec00vr_0065.png"; bbox 0 0 2141 3487; ppageno 0'>
   <div class='ocr_carea' id='block_1_1' title="bbox 819 301 1752 341">
    <p class='ocr_par' dir='ltr' id='par_1_1' title="bbox 819 301 1752 341">
     <span class='ocr_line' id='line_1_1' title="bbox 819 301 1752 341; baseline -0.018 0"><span class='ocrx_word' id='word_1_1' title='bbox 819 312 871 341; x_wconf 78' lang='lat' dir='ltr'>DE</span> <span class='ocrx_word' id='word_1_2' title='bbox 905 311 1050 341; x_wconf 67' lang='lat' dir='ltr'>Amce.</span> <span class='ocrx_word' id='word_1_3' title='bbox 1699 301 1752 338; x_wconf 86' lang='lat'>53</span> 
     </span>
    </p>
   </div>
   <div class='ocr_carea' id='block_1_2' title="bbox 110 421 1765 2443">
    <p class='ocr_par' dir='ltr' id='par_1_2' title="bbox 110 421 1765 2443">
     <span class='ocr_line' id='line_1_2' title="bbox 115 421 1758 482; baseline -0.008 -10"><span class='ocrx_word' id='word_1_4' title='bbox 115 431 484 482; x_wconf 87' lang='lat' dir='ltr'>patronymicum.</span> <span class='ocrx_word' id='word_1_5' title='bbox 504 428 599 480; x_wconf 30' lang='lat' dir='ltr'>*Qui</span> <span class='ocrx_word' id='word_1_6' title='bbox 635 427 821 466; x_wconf 77' lang='lat' dir='ltr'>canebat</span> <span class='ocrx_word' id='word_1_7' title='bbox 853 425 922 463; x_wconf 81' lang='grc' dir='ltr'>τὸν</span> <span class='ocrx_word' id='word_1_8' title='bbox 951 421 1168 474; x_wconf 75' lang='grc' dir='ltr'><em>Ὀιλεΐὸην,</em></span> <span class='ocrx_word' id='word_1_9' title='bbox 1201 424 1330 463; x_wconf 90' lang='lat' dir='ltr'>silere</span> <span class='ocrx_word' id='word_1_10' title='bbox 1364 434 1450 463; x_wconf 90' lang='lat' dir='ltr'>non</span> <span class='ocrx_word' id='word_1_11' title='bbox 1484 425 1657 471; x_wconf 87' lang='lat' dir='ltr'>poterat</span> <span class='ocrx_word' id='word_1_12' title='bbox 1691 421 1758 459; x_wconf 76' lang='grc' dir='ltr'>τὸν</span> 
     </span>
     <span class='ocr_line' id='line_1_3' title="bbox 120 499 1760 556; baseline -0.005 -11"><span class='ocrx_word' id='word_1_13' title='bbox 120 506 386 556; x_wconf 77' lang='grc' dir='ltr'><em>Τελαμώνιον.</em></span> <span class='ocrx_word' id='word_1_14' title='bbox 420 505 524 543; x_wconf 88' lang='lat' dir='ltr'>Inde</span> <span class='ocrx_word' id='word_1_15' title='bbox 558 514 581 541; x_wconf 83' lang='lat' dir='ltr'>a</span> <span class='ocrx_word' id='word_1_16' title='bbox 614 505 811 551; x_wconf 87' lang='lat' dir='ltr'>tempore</span> <span class='ocrx_word' id='word_1_17' title='bbox 855 511 938 549; x_wconf 90' lang='lat' dir='ltr'>quo</span> <span class='ocrx_word' id='word_1_18' title='bbox 983 503 1166 549; x_wconf 88' lang='lat' dir='ltr'>uterque</span> <span class='ocrx_word' id='word_1_19' title='bbox 1210 502 1323 540; x_wconf 84' lang='lat' dir='ltr'>Aiax</span> <span class='ocrx_word' id='word_1_20' title='bbox 1364 501 1406 539; x_wconf 90' lang='lat' dir='ltr'>in</span> <span class='ocrx_word' id='word_1_21' title='bbox 1447 499 1582 538; x_wconf 84' lang='lat' dir='ltr'>Iliade</span> <span class='ocrx_word' id='word_1_22' title='bbox 1614 500 1760 547; x_wconf 89' lang='lat' dir='ltr'>partes</span> 
     </span>
     <span class='ocr_line' id='line_1_4' title="bbox 117 575 1758 633; baseline -0.006 -11"><span class='ocrx_word' id='word_1_23' title='bbox 117 585 205 633; x_wconf 83' lang='lat' dir='ltr'>egit</span> <span class='ocrx_word' id='word_1_24' title='bbox 235 592 358 631; x_wconf 81' lang='lat' dir='ltr'>suaS,</span> <span class='ocrx_word' id='word_1_25' title='bbox 393 581 460 620; x_wconf 89' lang='lat' dir='ltr'>vel</span> <span class='ocrx_word' id='word_1_26' title='bbox 505 580 671 629; x_wconf 87' lang='lat' dir='ltr'>potius,</span> <span class='ocrx_word' id='word_1_27' title='bbox 718 588 802 627; x_wconf 87' lang='lat' dir='ltr'>quo</span> <span class='ocrx_word' id='word_1_28' title='bbox 846 579 1029 625; x_wconf 85' lang='lat' dir='ltr'>uterque</span> <span class='ocrx_word' id='word_1_29' title='bbox 1071 578 1114 615; x_wconf 91' lang='lat' dir='ltr'>in</span> <span class='ocrx_word' id='word_1_30' title='bbox 1159 587 1365 616; x_wconf 78' lang='lat' dir='ltr'>scaenam</span> <span class='ocrx_word' id='word_1_31' title='bbox 1409 575 1640 625; x_wconf 86' lang='lat' dir='ltr'>processit,</span> <span class='ocrx_word' id='word_1_32' title='bbox 1674 583 1758 612; x_wconf 90' lang='lat' dir='ltr'>non</span> 
     </span>
     <span class='ocr_line' id='line_1_5' title="bbox 115 650 1760 708; baseline -0.007 -10"><span class='ocrx_word' id='word_1_33' title='bbox 115 659 316 708; x_wconf 77' lang='lat' dir='ltr'>poterant</span> <span class='ocrx_word' id='word_1_34' title='bbox 357 656 584 705; x_wconf 89' lang='lat' dir='ltr'>rhapsodi‚</span> <span class='ocrx_word' id='word_1_35' title='bbox 632 655 734 702; x_wconf 88' lang='lat' dir='ltr'>quin</span> <span class='ocrx_word' id='word_1_36' title='bbox 777 653 1085 703; x_wconf 83' lang='lat' dir='ltr'>patronymico</span> <span class='ocrx_word' id='word_1_37' title='bbox 1130 653 1277 692; x_wconf 84' lang='lat' dir='ltr'>addito</span> <span class='ocrx_word' id='word_1_38' title='bbox 1323 652 1542 691; x_wconf 78' lang='lat' dir='ltr'>auditores</span> <span class='ocrx_word' id='word_1_39' title='bbox 1575 650 1626 688; x_wconf 91' lang='lat' dir='ltr'>de</span> <span class='ocrx_word' id='word_1_40' title='bbox 1659 658 1760 696; x_wconf 89' lang='lat' dir='ltr'>quo-</span> 
     </span>
     <span class='ocr_line' id='line_1_6' title="bbox 114 724 1763 780; baseline -0.006 -7"><span class='ocrx_word' id='word_1_41' title='bbox 114 744 218 773; x_wconf 88' lang='lat' dir='ltr'>nam</span> <span class='ocrx_word' id='word_1_42' title='bbox 251 733 383 772; x_wconf 86' lang='lat' dir='ltr'>Aiace</span> <span class='ocrx_word' id='word_1_43' title='bbox 417 733 597 780; x_wconf 81' lang='lat' dir='ltr'>agerent</span> <span class='ocrx_word' id='word_1_44' title='bbox 639 730 873 769; x_wconf 80' lang='lat' dir='ltr'>redderent</span> <span class='ocrx_word' id='word_1_45' title='bbox 907 729 1130 768; x_wconf 82' lang='lat' dir='ltr'>certiores.</span> <span class='ocrx_word' id='word_1_46' title='bbox 1176 728 1291 777; x_wconf 79' lang='lat' dir='ltr'>Quae</span> <span class='ocrx_word' id='word_1_47' title='bbox 1324 738 1426 767; x_wconf 89' lang='lat' dir='ltr'>vero</span> <span class='ocrx_word' id='word_1_48' title='bbox 1458 724 1763 776; x_wconf 86' lang='lat' dir='ltr'>patronymica</span> 
     </span>
     <span class='ocr_line' id='line_1_7' title="bbox 110 800 1760 856; baseline -0.006 -8"><span class='ocrx_word' id='word_1_49' title='bbox 110 820 206 849; x_wconf 87' lang='lat' dir='ltr'>esse</span> <span class='ocrx_word' id='word_1_50' title='bbox 236 808 506 856; x_wconf 84' lang='lat' dir='ltr'>videbantur,</span> <span class='ocrx_word' id='word_1_51' title='bbox 529 807 581 845; x_wconf 81' lang='lat' dir='ltr'>ab</span> <span class='ocrx_word' id='word_1_52' title='bbox 611 807 779 855; x_wconf 84' lang='lat' dir='ltr'>origine</span> <span class='ocrx_word' id='word_1_53' title='bbox 802 806 983 845; x_wconf 83' lang='lat' dir='ltr'>nomina</span> <span class='ocrx_word' id='word_1_54' title='bbox 1010 807 1138 844; x_wconf 89' lang='lat' dir='ltr'>erant</span> <span class='ocrx_word' id='word_1_55' title='bbox 1165 806 1298 844; x_wconf 89' lang='lat' dir='ltr'>ducta</span> <span class='ocrx_word' id='word_1_56' title='bbox 1325 802 1404 843; x_wconf 82' lang='grc' dir='ltr'>ἀπὸ</span> <span class='ocrx_word' id='word_1_57' title='bbox 1423 809 1500 841; x_wconf 80' lang='grc' dir='ltr'>τῶν</span> <span class='ocrx_word' id='word_1_58' title='bbox 1518 800 1760 850; x_wconf 78' lang='grc' dir='ltr'><em>ἐπικλήσεων</em></span> 
     </span>
     <span class='ocr_line' id='line_1_8' title="bbox 111 878 1758 932; baseline -0.005 -8"><span class='ocrx_word' id='word_1_59' title='bbox 111 895 262 925; x_wconf 89' lang='grc'>60111111</span> <span class='ocrx_word' id='word_1_60' title='bbox 294 884 545 932; x_wconf 73' lang='lat' dir='ltr'>numinum,</span> <span class='ocrx_word' id='word_1_61' title='bbox 580 882 659 921; x_wconf 91' lang='lat' dir='ltr'>sub</span> <span class='ocrx_word' id='word_1_62' title='bbox 689 892 878 930; x_wconf 87' lang='lat' dir='ltr'>quorum</span> <span class='ocrx_word' id='word_1_63' title='bbox 897 881 1039 920; x_wconf 90' lang='lat' dir='ltr'>tutela</span> <span class='ocrx_word' id='word_1_64' title='bbox 1057 883 1240 928; x_wconf 85' lang='lat' dir='ltr'>uterque</span> <span class='ocrx_word' id='word_1_65' title='bbox 1266 881 1394 919; x_wconf 91' lang='lat' dir='ltr'>heros</span> <span class='ocrx_word' id='word_1_66' title='bbox 1416 879 1560 918; x_wconf 87' lang='lat' dir='ltr'>fuerat</span> <span class='ocrx_word' id='word_1_67' title='bbox 1576 878 1758 927; x_wconf 88' lang='lat' dir='ltr'>positus.</span> 
     </span>
     <span class='ocr_line' id='line_1_9' title="bbox 115 953 1758 1008; baseline -0.005 -9"><span class='ocrx_word' id='word_1_68' title='bbox 115 961 225 999; x_wconf 91' lang='lat' dir='ltr'>Nam</span> <span class='ocrx_word' id='word_1_69' title='bbox 268 970 406 1008; x_wconf 90' lang='lat' dir='ltr'>neque</span> <span class='ocrx_word' id='word_1_70' title='bbox 444 955 595 1004; x_wconf 85' lang='grc' dir='ltr'><em>Ὀιλεύς</em></span> <span class='ocrx_word' id='word_1_71' title='bbox 639 968 779 1005; x_wconf 85' lang='lat' dir='ltr'>neque</span> <span class='ocrx_word' id='word_1_72' title='bbox 826 956 1015 1005; x_wconf 86' lang='grc' dir='ltr'><em>Τελαμών</em></span> <span class='ocrx_word' id='word_1_73' title='bbox 1058 956 1398 996; x_wconf 77' lang='lat' dir='ltr'>mera‘heroica</span> <span class='ocrx_word' id='word_1_74' title='bbox 1431 956 1535 994; x_wconf 90' lang='lat' dir='ltr'>sunt</span> <span class='ocrx_word' id='word_1_75' title='bbox 1566 953 1758 993; x_wconf 89' lang='lat' dir='ltr'>nomina.</span> 
     </span>
     <span class='ocr_line' id='line_1_10' title="bbox 111 1029 1763 1085; baseline -0.006 -10"><span class='ocrx_word' id='word_1_76' title='bbox 111 1037 213 1085; x_wconf 82' lang='lat' dir='ltr'>Ipsa</span> <span class='ocrx_word' id='word_1_77' title='bbox 258 1036 402 1074; x_wconf 83' lang='lat' dir='ltr'>forma</span> <span class='ocrx_word' id='word_1_78' title='bbox 454 1033 708 1084; x_wconf 82' lang='grc' dir='ltr'><em>Τελαμώνιος</em></span> <span class='ocrx_word' id='word_1_79' title='bbox 752 1033 819 1078; x_wconf 83' lang='lat' dir='ltr'>(Cf.</span> <span class='ocrx_word' id='word_1_80' title='bbox 855 1031 1136 1080; x_wconf 79' lang='grc' dir='ltr'><em>Ἀπολλώνιος,</em></span> <span class='ocrx_word' id='word_1_81' title='bbox 1183 1030 1474 1079; x_wconf 64' lang='grc' dir='ltr'><em>Ποσειδώνιος,</em></span> <span class='ocrx_word' id='word_1_82' title='bbox 1510 1029 1763 1080; x_wconf 70' lang='grc' dir='ltr'><em>Τροφώνιος,</em></span> 
     </span>
     <span class='ocr_line' id='line_1_11' title="bbox 114 1106 1760 1158; baseline -0.004 -9"><span class='ocrx_word' id='word_1_83' title='bbox 114 1110 384 1156; x_wconf 78' lang='grc' dir='ltr'><em>Πλουτώνιος)</em></span> <span class='ocrx_word' id='word_1_84' title='bbox 419 1121 443 1149; x_wconf 93' lang='lat' dir='ltr'>a</span> <span class='ocrx_word' id='word_1_85' title='bbox 476 1109 606 1149; x_wconf 88' lang='lat' dir='ltr'>solita</span> <span class='ocrx_word' id='word_1_86' title='bbox 649 1109 1059 1158; x_wconf 83' lang='lat' dir='ltr'>patronymicorum</span> <span class='ocrx_word' id='word_1_87' title='bbox 1094 1108 1360 1147; x_wconf 82' lang='lat' dir='ltr'>formatione</span> <span class='ocrx_word' id='word_1_88' title='bbox 1393 1108 1646 1155; x_wconf 86' lang='lat' dir='ltr'>discrepans</span> <span class='ocrx_word' id='word_1_89' title='bbox 1677 1106 1760 1144; x_wconf 88' lang='lat' dir='ltr'>tes-</span> 
     </span>
     <span class='ocr_line' id='line_1_12' title="bbox 115 1181 1763 1235; baseline -0.004 -8"><span class='ocrx_word' id='word_1_90' title='bbox 115 1190 234 1227; x_wconf 85' lang='lat' dir='ltr'>tatur</span> <span class='ocrx_word' id='word_1_91' title='bbox 281 1187 350 1226; x_wconf 91' lang='lat' dir='ltr'>hic</span> <span class='ocrx_word' id='word_1_92' title='bbox 398 1187 468 1235; x_wconf 87' lang='lat' dir='ltr'>agi</span> <span class='ocrx_word' id='word_1_93' title='bbox 517 1186 568 1225; x_wconf 91' lang='lat' dir='ltr'>de</span> <span class='ocrx_word' id='word_1_94' title='bbox 616 1185 778 1233; x_wconf 82' lang='lat' dir='ltr'>aliquo,</span> <span class='ocrx_word' id='word_1_95' title='bbox 825 1185 898 1232; x_wconf 90' lang='lat' dir='ltr'>qui</span> <span class='ocrx_word' id='word_1_96' title='bbox 942 1184 1142 1223; x_wconf 89' lang='lat' dir='ltr'>numinis</span> <span class='ocrx_word' id='word_1_97' title='bbox 1185 1184 1413 1223; x_wconf 86' lang='lat' dir='ltr'>cuiusdam</span> <span class='ocrx_word' id='word_1_98' title='bbox 1456 1183 1670 1231; x_wconf 88' lang='lat' dir='ltr'>praesidio</span> <span class='ocrx_word' id='word_1_99' title='bbox 1703 1181 1763 1219; x_wconf 80' lang='lat' dir='ltr'>sit</span> 
     </span>
     <span class='ocr_line' id='line_1_13' title="bbox 117 1257 1763 1309; baseline -0.005 -6"><span class='ocrx_word' id='word_1_100' title='bbox 117 1262 467 1303; x_wconf 83' lang='lat' dir='ltr'>commendatus.</span> <span class='ocrx_word' id='word_1_101' title='bbox 505 1261 622 1300; x_wconf 83' lang='lat' dir='ltr'>Satis</span> <span class='ocrx_word' id='word_1_102' title='bbox 655 1260 712 1299; x_wconf 86' lang='lat' dir='ltr'>sit</span> <span class='ocrx_word' id='word_1_103' title='bbox 745 1270 821 1309; x_wconf 92' lang='lat' dir='ltr'>pro</span> <span class='ocrx_word' id='word_1_104' title='bbox 859 1260 1084 1299; x_wconf 83' lang='lat' dir='ltr'>sententia</span> <span class='ocrx_word' id='word_1_105' title='bbox 1111 1261 1264 1299; x_wconf 89' lang='lat' dir='ltr'>nostra</span> <span class='ocrx_word' id='word_1_106' title='bbox 1291 1258 1527 1307; x_wconf 86' lang='lat' dir='ltr'>statuisse,</span> <span class='ocrx_word' id='word_1_107' title='bbox 1562 1267 1660 1296; x_wconf 86' lang='grc'>611111</span> <span class='ocrx_word' id='word_1_108' title='bbox 1690 1257 1763 1304; x_wconf 87' lang='lat' dir='ltr'>qui</span> 
     </span>
     <span class='ocr_line' id='line_1_14' title="bbox 116 1332 1765 1386; baseline -0.004 -9"><span class='ocrx_word' id='word_1_109' title='bbox 116 1339 278 1377; x_wconf 87' lang='lat' dir='ltr'>diceret</span> <span class='ocrx_word' id='word_1_110' title='bbox 306 1337 406 1383; x_wconf 81' lang='grc' dir='ltr'><em>Αἴας</em></span> <span class='ocrx_word' id='word_1_111' title='bbox 428 1336 702 1386; x_wconf 79' lang='grc' dir='ltr'><em>Τελαμώνιος,</em></span> <span class='ocrx_word' id='word_1_112' title='bbox 726 1335 825 1381; x_wconf 81' lang='grc' dir='ltr'><em>Αἴας</em></span> <span class='ocrx_word' id='word_1_113' title='bbox 848 1332 1024 1383; x_wconf 80' lang='grc' dir='ltr'><em>Ὀιλέως,</em></span> <span class='ocrx_word' id='word_1_114' title='bbox 1052 1335 1103 1374; x_wconf 87' lang='lat' dir='ltr'>ab</span> <span class='ocrx_word' id='word_1_115' title='bbox 1147 1334 1421 1374; x_wconf 85' lang='lat' dir='ltr'>auditoribus</span> <span class='ocrx_word' id='word_1_116' title='bbox 1440 1332 1765 1381; x_wconf 79' lang='lat' dir='ltr'>antiquissimis</span> 
     </span>
     <span class='ocr_line' id='line_1_15' title="bbox 118 1409 1765 1463; baseline -0.004 -11"><span class='ocrx_word' id='word_1_117' title='bbox 118 1415 342 1463; x_wconf 90' lang='lat' dir='ltr'>regionem</span> <span class='ocrx_word' id='word_1_118' title='bbox 377 1413 629 1452; x_wconf 84' lang='lat' dir='ltr'>Saronicam</span> <span class='ocrx_word' id='word_1_119' title='bbox 665 1411 734 1450; x_wconf 90' lang='lat' dir='ltr'>vel</span> <span class='ocrx_word' id='word_1_120' title='bbox 768 1411 996 1450; x_wconf 85' lang='lat' dir='ltr'>Locridem</span> <span class='ocrx_word' id='word_1_121' title='bbox 1026 1410 1327 1450; x_wconf 86' lang='lat' dir='ltr'>habitantibus</span> <span class='ocrx_word' id='word_1_122' title='bbox 1354 1420 1441 1449; x_wconf 91' lang='lat' dir='ltr'>non</span> <span class='ocrx_word' id='word_1_123' title='bbox 1468 1409 1655 1457; x_wconf 84' lang='lat' dir='ltr'>intelligi</span> <span class='ocrx_word' id='word_1_124' title='bbox 1680 1417 1765 1446; x_wconf 91' lang='lat' dir='ltr'>non</span> 
     </span>
     <span class='ocr_line' id='line_1_16' title="bbox 121 1484 1761 1539; baseline -0.005 -10"><span class='ocrx_word' id='word_1_125' title='bbox 121 1490 332 1539; x_wconf 87' lang='lat' dir='ltr'>potuisse,</span> <span class='ocrx_word' id='word_1_126' title='bbox 383 1488 561 1527; x_wconf 86' lang='lat' dir='ltr'>etiamsi</span> <span class='ocrx_word' id='word_1_127' title='bbox 610 1488 661 1526; x_wconf 93' lang='lat' dir='ltr'>de</span> <span class='ocrx_word' id='word_1_128' title='bbox 710 1487 967 1535; x_wconf 83' lang='lat' dir='ltr'>Telamone,</span> <span class='ocrx_word' id='word_1_129' title='bbox 1025 1487 1076 1526; x_wconf 93' lang='lat' dir='ltr'>de</span> <span class='ocrx_word' id='word_1_130' title='bbox 1136 1486 1254 1525; x_wconf 93' lang='grc' dir='ltr'>Ο1160</span> <span class='ocrx_word' id='word_1_131' title='bbox 1312 1486 1421 1535; x_wconf 90' lang='lat' dir='ltr'>ipsis</span> <span class='ocrx_word' id='word_1_132' title='bbox 1468 1485 1528 1523; x_wconf 91' lang='lat' dir='ltr'>nil</span> <span class='ocrx_word' id='word_1_133' title='bbox 1570 1484 1761 1523; x_wconf 90' lang='lat' dir='ltr'>adderet.</span> 
     </span>
     <span class='ocr_line' id='line_1_17' title="bbox 120 1561 1762 1611; baseline -0.004 -7"><span class='ocrx_word' id='word_1_134' title='bbox 120 1565 366 1604; x_wconf 83' lang='lat' dir='ltr'>Posteriore</span> <span class='ocrx_word' id='word_1_135' title='bbox 400 1574 503 1603; x_wconf 90' lang='lat' dir='ltr'>vero</span> <span class='ocrx_word' id='word_1_136' title='bbox 536 1564 703 1611; x_wconf 87' lang='lat' dir='ltr'>aetate,</span> <span class='ocrx_word' id='word_1_137' title='bbox 741 1573 839 1601; x_wconf 91' lang='lat' dir='ltr'>cum</span> <span class='ocrx_word' id='word_1_138' title='bbox 873 1562 982 1601; x_wconf 84' lang='lat' dir='ltr'>haec</span> <span class='ocrx_word' id='word_1_139' title='bbox 1014 1562 1282 1611; x_wconf 85' lang='lat' dir='ltr'>appellativa</span> <span class='ocrx_word' id='word_1_140' title='bbox 1310 1571 1385 1610; x_wconf 89' lang='lat' dir='ltr'>pro</span> <span class='ocrx_word' id='word_1_141' title='bbox 1419 1561 1534 1599; x_wconf 90' lang='lat' dir='ltr'>veris</span> <span class='ocrx_word' id='word_1_142' title='bbox 1562 1561 1762 1608; x_wconf 86' lang='lat' dir='ltr'>patrony-</span> 
     </span>
     <span class='ocr_line' id='line_1_18' title="bbox 120 1634 1764 1688; baseline -0.004 -9"><span class='ocrx_word' id='word_1_143' title='bbox 120 1641 248 1680; x_wconf 88' lang='lat' dir='ltr'>micis</span> <span class='ocrx_word' id='word_1_144' title='bbox 291 1639 579 1688; x_wconf 87' lang='lat' dir='ltr'>habebantur,</span> <span class='ocrx_word' id='word_1_145' title='bbox 624 1648 724 1677; x_wconf 87' lang='grc'>011111</span> <span class='ocrx_word' id='word_1_146' title='bbox 767 1637 947 1677; x_wconf 89' lang='lat' dir='ltr'>Telamo</span> <span class='ocrx_word' id='word_1_147' title='bbox 982 1638 1024 1676; x_wconf 86' lang='lat' dir='ltr'>et</span> <span class='ocrx_word' id='word_1_148' title='bbox 1057 1637 1204 1676; x_wconf 90' lang='lat' dir='ltr'>Oileus</span> <span class='ocrx_word' id='word_1_149' title='bbox 1237 1637 1375 1675; x_wconf 80' lang='lat' dir='ltr'>heroes</span> <span class='ocrx_word' id='word_1_150' title='bbox 1409 1635 1685 1683; x_wconf 86' lang='lat' dir='ltr'>videbantur,</span> <span class='ocrx_word' id='word_1_151' title='bbox 1721 1634 1764 1672; x_wconf 91' lang='lat' dir='ltr'>hi</span> 
     </span>
     <span class='ocr_line' id='line_1_19' title="bbox 117 1711 1762 1765; baseline -0.004 -10"><span class='ocrx_word' id='word_1_152' title='bbox 117 1726 286 1765; x_wconf 88' lang='lat' dir='ltr'>quoque</span> <span class='ocrx_word' id='word_1_153' title='bbox 328 1715 372 1753; x_wconf 89' lang='lat' dir='ltr'>in</span> <span class='ocrx_word' id='word_1_154' title='bbox 405 1724 615 1753; x_wconf 88' lang='lat' dir='ltr'>scaenam</span> <span class='ocrx_word' id='word_1_155' title='bbox 648 1713 873 1752; x_wconf 87' lang='lat' dir='ltr'>heroicam</span> <span class='ocrx_word' id='word_1_156' title='bbox 907 1713 1214 1761; x_wconf 85' lang='lat' dir='ltr'>procedebant.</span> <span class='ocrx_word' id='word_1_157' title='bbox 1259 1712 1340 1751; x_wconf 84' lang='lat' dir='ltr'>Sed</span> <span class='ocrx_word' id='word_1_158' title='bbox 1384 1711 1588 1759; x_wconf 88' lang='lat' dir='ltr'>observa,</span> <span class='ocrx_word' id='word_1_159' title='bbox 1631 1720 1762 1758; x_wconf 84' lang='lat' dir='ltr'>quam</span> 
     </span>
     <span class='ocr_line' id='line_1_20' title="bbox 117 1788 1763 1841; baseline -0.004 -10"><span class='ocrx_word' id='word_1_160' title='bbox 117 1792 277 1841; x_wconf 82' lang='lat' dir='ltr'>exigua</span> <span class='ocrx_word' id='word_1_161' title='bbox 307 1791 417 1840; x_wconf 83' lang='lat' dir='ltr'>sint,</span> <span class='ocrx_word' id='word_1_162' title='bbox 453 1800 562 1838; x_wconf 86' lang='lat' dir='ltr'>quae</span> <span class='ocrx_word' id='word_1_163' title='bbox 595 1791 749 1838; x_wconf 87' lang='lat' dir='ltr'>poetae</span> <span class='ocrx_word' id='word_1_164' title='bbox 783 1789 904 1828; x_wconf 88' lang='lat' dir='ltr'>hisce</span> <span class='ocrx_word' id='word_1_165' title='bbox 937 1789 987 1827; x_wconf 93' lang='lat' dir='ltr'>de</span> <span class='ocrx_word' id='word_1_166' title='bbox 1014 1788 1222 1827; x_wconf 91' lang='lat' dir='ltr'>heroibus</span> <span class='ocrx_word' id='word_1_167' title='bbox 1249 1797 1428 1826; x_wconf 91' lang='lat' dir='ltr'>narrare</span> <span class='ocrx_word' id='word_1_168' title='bbox 1455 1788 1659 1836; x_wconf 89' lang='lat' dir='ltr'>possent:</span> <span class='ocrx_word' id='word_1_169' title='bbox 1694 1796 1763 1824; x_wconf 91' lang='lat' dir='ltr'>res</span> 
     </span>
     <span class='ocr_line' id='line_1_21' title="bbox 118 1862 1765 1916; baseline -0.004 -10"><span class='ocrx_word' id='word_1_170' title='bbox 118 1869 269 1916; x_wconf 87' lang='lat' dir='ltr'>gestae</span> <span class='ocrx_word' id='word_1_171' title='bbox 318 1866 463 1905; x_wconf 88' lang='lat' dir='ltr'>nullae</span> <span class='ocrx_word' id='word_1_172' title='bbox 511 1866 600 1904; x_wconf 84' lang='lat' dir='ltr'>fere</span> <span class='ocrx_word' id='word_1_173' title='bbox 650 1866 972 1904; x_wconf 81' lang='lat' dir='ltr'>memorantur.</span> <span class='ocrx_word' id='word_1_174' title='bbox 1016 1864 1162 1903; x_wconf 87' lang='lat' dir='ltr'>Poetis</span> <span class='ocrx_word' id='word_1_175' title='bbox 1210 1863 1468 1902; x_wconf 87' lang='lat' dir='ltr'>recentioris</span> <span class='ocrx_word' id='word_1_176' title='bbox 1511 1862 1675 1901; x_wconf 87' lang='lat' dir='ltr'>saeculi</span> <span class='ocrx_word' id='word_1_177' title='bbox 1717 1863 1765 1899; x_wconf 86' lang='lat' dir='ltr'>ut</span> 
     </span>
     <span class='ocr_line' id='line_1_22' title="bbox 118 1939 1758 1992; baseline -0.004 -10"><span class='ocrx_word' id='word_1_178' title='bbox 118 1943 305 1992; x_wconf 88' lang='lat' dir='ltr'>patrem,</span> <span class='ocrx_word' id='word_1_179' title='bbox 339 1943 546 1990; x_wconf 84' lang='lat' dir='ltr'>matrem,</span> <span class='ocrx_word' id='word_1_180' title='bbox 582 1941 790 1990; x_wconf 88' lang='lat' dir='ltr'>patriam,</span> <span class='ocrx_word' id='word_1_181' title='bbox 836 1940 970 1989; x_wconf 82' lang='lat' dir='ltr'>facta,</span> <span class='ocrx_word' id='word_1_182' title='bbox 1004 1939 1309 1988; x_wconf 81' lang='lat' dir='ltr'>excogitarent</span> <span class='ocrx_word' id='word_1_183' title='bbox 1342 1941 1435 1978; x_wconf 88' lang='lat' dir='ltr'>erat</span> <span class='ocrx_word' id='word_1_184' title='bbox 1467 1939 1758 1977; x_wconf 86' lang='lat' dir='ltr'>reservatum.</span> 
     </span>
     <span class='ocr_line' id='line_1_23' title="bbox 121 2015 1757 2066; baseline -0.004 -9"><span class='ocrx_word' id='word_1_185' title='bbox 121 2019 182 2057; x_wconf 90' lang='lat' dir='ltr'>Ne</span> <span class='ocrx_word' id='word_1_186' title='bbox 214 2018 258 2057; x_wconf 87' lang='lat' dir='ltr'>in</span> <span class='ocrx_word' id='word_1_187' title='bbox 286 2017 492 2066; x_wconf 83' lang='lat' dir='ltr'>Gatalogo</span> <span class='ocrx_word' id='word_1_188' title='bbox 520 2017 694 2064; x_wconf 89' lang='lat' dir='ltr'>quidem</span> <span class='ocrx_word' id='word_1_189' title='bbox 719 2016 898 2055; x_wconf 89' lang='lat' dir='ltr'>Telamo</span> <span class='ocrx_word' id='word_1_190' title='bbox 925 2016 1070 2055; x_wconf 88' lang='lat' dir='ltr'>locum</span> <span class='ocrx_word' id='word_1_191' title='bbox 1098 2015 1280 2054; x_wconf 87' lang='lat' dir='ltr'>invenit.</span> <span class='ocrx_word' id='word_1_192' title='bbox 1310 2015 1588 2054; x_wconf 85' lang='lat' dir='ltr'>Adiectivum</span> <span class='ocrx_word' id='word_1_193' title='bbox 1608 2015 1757 2052; x_wconf 85' lang='lat' dir='ltr'>autem</span> 
     </span>
     <span class='ocr_line' id='line_1_24' title="bbox 125 2090 1759 2143; baseline -0.003 -11"><span class='ocrx_word' id='word_1_194' title='bbox 125 2093 378 2143; x_wconf 76' lang='grc' dir='ltr'><em>Τελαμώνιον</em></span> <span class='ocrx_word' id='word_1_195' title='bbox 407 2103 460 2131; x_wconf 89' lang='grc'>116</span> <span class='ocrx_word' id='word_1_196' title='bbox 501 2103 522 2131; x_wconf 94' lang='grc'>6</span> <span class='ocrx_word' id='word_1_197' title='bbox 567 2092 724 2141; x_wconf 89' lang='lat' dir='ltr'>priscis</span> <span class='ocrx_word' id='word_1_198' title='bbox 763 2092 939 2139; x_wconf 91' lang='lat' dir='ltr'>quidem</span> <span class='ocrx_word' id='word_1_199' title='bbox 973 2091 1123 2130; x_wconf 87' lang='lat' dir='ltr'>Iliadis</span> <span class='ocrx_word' id='word_1_200' title='bbox 1153 2091 1352 2140; x_wconf 90' lang='lat' dir='ltr'>partibus</span> <span class='ocrx_word' id='word_1_201' title='bbox 1385 2091 1571 2129; x_wconf 87' lang='lat' dir='ltr'>evellere</span> <span class='ocrx_word' id='word_1_202' title='bbox 1604 2090 1759 2138; x_wconf 86' lang='lat' dir='ltr'>possis.</span> 
     </span>
     <span class='ocr_line' id='line_1_25' title="bbox 126 2147 1762 2220; baseline -0.002 -13"><span class='ocrx_word' id='word_1_203' title='bbox 126 2171 297 2220; x_wconf 79' lang='grc' dir='ltr'><em>Τεῦκρος</em></span> <span class='ocrx_word' id='word_1_204' title='bbox 330 2178 499 2217; x_wconf 86' lang='grc'>(1110(1116</span> <span class='ocrx_word' id='word_1_205' title='bbox 535 2167 787 2217; x_wconf 84' lang='grc' dir='ltr'><em>Τελαμώνιος</em></span> <span class='ocrx_word' id='word_1_206' title='bbox 822 2168 964 2214; x_wconf 86' lang='lat' dir='ltr'>audit;</span> <span class='ocrx_word' id='word_1_207' title='bbox 1003 2169 1194 2218; x_wconf 82' lang='grc' dir='ltr'><em>Τεῦκρος,</em></span> <span class='ocrx_word' id='word_1_208' title='bbox 1227 2167 1350 2206; x_wconf 88' lang='lat' dir='ltr'>cuius</span> <span class='ocrx_word' id='word_1_209' title='bbox 1380 2147 1537 2205; x_wconf 87' lang='lat' dir='ltr'>nomen</span> <span class='ocrx_word' id='word_1_210' title='bbox 1566 2167 1658 2204; x_wconf 86' lang='lat' dir='ltr'>tam</span> <span class='ocrx_word' id='word_1_211' title='bbox 1686 2175 1762 2213; x_wconf 91' lang='lat' dir='ltr'>per</span> 
     </span>
     <span class='ocr_line' id='line_1_26' title="bbox 125 2242 1761 2304; baseline -0.002 -21"><span class='ocrx_word' id='word_1_212' title='bbox 125 2245 349 2284; x_wconf 81' lang='lat' dir='ltr'>Graeciam</span> <span class='ocrx_word' id='word_1_213' title='bbox 392 2254 523 2291; x_wconf 90' lang='lat' dir='ltr'>quarn</span> <span class='ocrx_word' id='word_1_214' title='bbox 565 2254 641 2292; x_wconf 89' lang='lat' dir='ltr'>per</span> <span class='ocrx_word' id='word_1_215' title='bbox 679 2244 834 2304; x_wconf 70' lang='lat' dir='ltr'>Asiam</span> <span class='ocrx_word' id='word_1_216' title='bbox 878 2243 1156 2292; x_wconf 84' lang='lat' dir='ltr'>divagatum‚</span> <span class='ocrx_word' id='word_1_217' title='bbox 1192 2242 1301 2281; x_wconf 88' lang='lat' dir='ltr'>nulli</span> <span class='ocrx_word' id='word_1_218' title='bbox 1335 2252 1420 2281; x_wconf 89' lang='lat' dir='ltr'>non</span> <span class='ocrx_word' id='word_1_219' title='bbox 1454 2243 1605 2281; x_wconf 85' lang='lat' dir='ltr'>movet</span> <span class='ocrx_word' id='word_1_220' title='bbox 1637 2251 1761 2289; x_wconf 85' lang='lat' dir='ltr'>quae-</span> 
     </span>
     <span class='ocr_line' id='line_1_27' title="bbox 124 2318 1759 2369; baseline -0.002 -10"><span class='ocrx_word' id='word_1_221' title='bbox 124 2321 332 2369; x_wconf 88' lang='lat' dir='ltr'>stionem,</span> <span class='ocrx_word' id='word_1_222' title='bbox 367 2321 440 2367; x_wconf 82' lang='lat' dir='ltr'>qui</span> <span class='ocrx_word' id='word_1_223' title='bbox 472 2319 616 2358; x_wconf 88' lang='lat' dir='ltr'>hercle</span> <span class='ocrx_word' id='word_1_224' title='bbox 649 2329 749 2358; x_wconf 85' lang='lat' dir='ltr'>cum</span> <span class='ocrx_word' id='word_1_225' title='bbox 784 2318 1049 2367; x_wconf 81' lang='lat' dir='ltr'>appellativo</span> <span class='ocrx_word' id='word_1_226' title='bbox 1083 2318 1337 2358; x_wconf 87' lang='lat' dir='ltr'>Telamonio</span> <span class='ocrx_word' id='word_1_227' title='bbox 1371 2318 1428 2357; x_wconf 86' lang='lat' dir='ltr'>sit</span> <span class='ocrx_word' id='word_1_228' title='bbox 1454 2318 1759 2357; x_wconf 83' lang='lat' dir='ltr'>coniunctum!</span> 
     </span>
     <span class='ocr_line' id='line_1_28' title="bbox 126 2395 615 2443; baseline -0.004 -8"><span class='ocrx_word' id='word_1_229' title='bbox 126 2395 191 2435; x_wconf 92' lang='lat' dir='ltr'>Ab</span> <span class='ocrx_word' id='word_1_230' title='bbox 223 2395 305 2434; x_wconf 88' lang='lat' dir='ltr'>hoc</span> <span class='ocrx_word' id='word_1_231' title='bbox 338 2395 615 2443; x_wconf 89' lang='lat' dir='ltr'>incipiamus.</span> 
     </span>
    </p>
   </div>
   <div class='ocr_carea' id='block_1_3' title="bbox 790 2713 1105 2771">
    <p class='ocr_par' dir='ltr' id='par_1_3' title="bbox 790 2713 1105 2771">
     <span class='ocr_line' id='line_1_29' title="bbox 790 2713 1105 2771; baseline 0.003 -15"><span class='ocrx_word' id='word_1_232' title='bbox 790 2713 850 2756; x_wconf 88' lang='lat' dir='ltr'>X.</span> <span class='ocrx_word' id='word_1_233' title='bbox 893 2713 1105 2771; x_wconf 76' lang='grc' dir='ltr'><em>Τεῦκρος.</em></span> 
     </span>
    </p>
   </div>
   <div class='ocr_carea' id='block_1_4' title="bbox 122 2853 1771 3059">
    <p class='ocr_par' dir='ltr' id='par_1_4' title="bbox 122 2853 1771 3059">
     <span class='ocr_line' id='line_1_30' title="bbox 187 2853 1768 2905; baseline -0.004 -8"><span class='ocrx_word' id='word_1_234' title='bbox 187 2858 377 2897; x_wconf 89' lang='lat' dir='ltr'>Teucros</span> <span class='ocrx_word' id='word_1_235' title='bbox 426 2868 587 2897; x_wconf 89' lang='lat' dir='ltr'>nomen</span> <span class='ocrx_word' id='word_1_236' title='bbox 635 2857 771 2896; x_wconf 85' lang='lat' dir='ltr'>fuisse</span> <span class='ocrx_word' id='word_1_237' title='bbox 816 2857 1043 2895; x_wconf 88' lang='lat' dir='ltr'>cuiusdam</span> <span class='ocrx_word' id='word_1_238' title='bbox 1086 2857 1230 2905; x_wconf 79' lang='lat' dir='ltr'>gentis</span> <span class='ocrx_word' id='word_1_239' title='bbox 1274 2856 1465 2905; x_wconf 84' lang='lat' dir='ltr'>Cyprum</span> <span class='ocrx_word' id='word_1_240' title='bbox 1509 2855 1612 2893; x_wconf 90' lang='lat' dir='ltr'>olim</span> <span class='ocrx_word' id='word_1_241' title='bbox 1653 2853 1768 2892; x_wconf 89' lang='lat' dir='ltr'>habi—</span> 
     </span>
     <span class='ocr_line' id='line_1_31' title="bbox 122 2928 1769 2982; baseline -0.004 -10"><span class='ocrx_word' id='word_1_242' title='bbox 122 2934 262 2972; x_wconf 88' lang='lat' dir='ltr'>tantis</span> <span class='ocrx_word' id='word_1_243' title='bbox 297 2933 366 2972; x_wconf 89' lang='lat' dir='ltr'>vel</span> <span class='ocrx_word' id='word_1_244' title='bbox 400 2934 546 2982; x_wconf 84' lang='lat' dir='ltr'>potius</span> <span class='ocrx_word' id='word_1_245' title='bbox 576 2943 736 2972; x_wconf 88' lang='lat' dir='ltr'>nomen</span> <span class='ocrx_word' id='word_1_246' title='bbox 766 2933 1045 2981; x_wconf 78' lang='lat' dir='ltr'>regulorum,</span> <span class='ocrx_word' id='word_1_247' title='bbox 1079 2933 1151 2979; x_wconf 83' lang='lat' dir='ltr'>qui</span> <span class='ocrx_word' id='word_1_248' title='bbox 1170 2933 1272 2971; x_wconf 89' lang='lat' dir='ltr'>huic</span> <span class='ocrx_word' id='word_1_249' title='bbox 1299 2932 1435 2980; x_wconf 87' lang='lat' dir='ltr'>genti,</span> <span class='ocrx_word' id='word_1_250' title='bbox 1468 2928 1769 2978; x_wconf 76' lang='lat' dir='ltr'>Gergithibus,</span> 
     </span>
     <span class='ocr_line' id='line_1_32' title="bbox 129 3004 1771 3059; baseline -0.004 -12"><span class='ocrx_word' id='word_1_251' title='bbox 129 3011 402 3057; x_wconf 87' lang='lat' dir='ltr'>praeessent,</span> <span class='ocrx_word' id='word_1_252' title='bbox 454 3009 639 3048; x_wconf 86' lang='lat' dir='ltr'>coniecit</span> <span class='ocrx_word' id='word_1_253' title='bbox 688 3009 975 3047; x_wconf 87' lang='lat' dir='ltr'>Kretschmer</span> <span class='ocrx_word' id='word_1_254' title='bbox 1013 3005 1279 3059; x_wconf 84' lang='lat' dir='ltr'>(Einleitung</span> <span class='ocrx_word' id='word_1_255' title='bbox 1323 3008 1392 3046; x_wconf 83' lang='lat' dir='ltr'>Gr.</span> <span class='ocrx_word' id='word_1_256' title='bbox 1439 3007 1530 3055; x_wconf 83' lang='lat' dir='ltr'>Spr.</span> <span class='ocrx_word' id='word_1_257' title='bbox 1576 3016 1614 3054; x_wconf 90' lang='lat' dir='ltr'>p.</span> <span class='ocrx_word' id='word_1_258' title='bbox 1658 3004 1771 3049; x_wconf 87' lang='lat'>189).</span> 
     </span>
    </p>
   </div>
  </div>
 </body>
</html>
