2200 3487
360 343 408 378 10
1046 359 1099 385 DE
1131 360 1276 389 AIACE.

504 468 713 513 quosdam
763 480 818 507 ex
864 470 1055 509 Homero
1102 474 1375 518 quaesivisse
1417 476 1644 515 auxilium.
1688 477 1757 515 Sic
1799 488 1973 516 versum

511 544 555 578 Ψ
583 543 665 580 821
685 554 692 580 ;

645 616 730 655 αἰὲν
764 615 818 655 ἐπ’
855 617 985 670 αὐχέν’
1022 620 1135 671 ἔκυρε
1170 629 1342 670 φαεινοῦ
1376 624 1523 673 δουρὸς
1555 623 1692 679 ἀκωκῇ

501 692 613 730 haud
647 694 773 731 dubie
802 694 970 734 fontem
1002 696 1137 735 fuisse
1170 697 1288 736 illius
1319 699 1493 738 fabulae
1525 701 1710 750 formae,
1744 712 1827 748 qua
1858 703 1972 740 Aiax

501 765 669 816 ἄτρωτος
702 764 804 806 εἶναι
836 769 939 819 πλὴν
973 776 1042 808 τοῦ
1076 770 1243 821 αὐχένος
1270 774 1511 822 ferebatur;

404 836 461 879 7⁰.
495 844 760 882 recentiores
778 845 977 884 homines
995 847 1124 885 anxie
1142 849 1434 897 quaesivisse,
1465 851 1538 897 qui
1565 851 1730 890 factum
1758 854 1894 901 esset,
1924 856 1974 892 ut

498 917 613 956 Aiax
646 920 737 957 tam
772 921 906 958 variis
933 921 1041 960 locis
1065 922 1281 961 diceretur
1307 922 1478 973 ἄτρωτος
1505 925 1655 965 fuisse.
1684 927 1794 964 Tum
1821 929 1972 966 natam

501 1003 598 1032 esse
626 994 748 1032 illam
777 996 1135 1046 explicationem,
1162 1008 1295 1046 quam
1323 999 1374 1037 de
1399 1000 1510 1048 pelle
1528 1000 1704 1039 leonina
1716 1002 1851 1048 deque
1869 1002 1972 1050 pha-

497 1069 613 1106 retra
644 1073 1106 1112 commemoravimus.

404 1143 574 1181 Putarit
615 1144 802 1184 fortasse
835 1147 991 1194 aliquis
1024 1151 1162 1187 totam
1198 1150 1390 1188 fabulam
1425 1154 1575 1189 natam
1610 1162 1706 1190 esse
1740 1163 1761 1191 e
1800 1154 1843 1189 Ψ
1871 1153 1971 1190 821.

343 1217 435 1256 Hoc
471 1231 570 1258 vero
604 1221 731 1259 modo
764 1232 850 1260 non
882 1223 1139 1273 explicatur,
1179 1236 1253 1264 cur
1284 1226 1445 1264 fuerint
1477 1227 1696 1276 homines,
1731 1228 1803 1274 qui
1835 1227 1969 1265 alium

341 1293 463 1331 τόπον
506 1295 652 1344 τρωτόν
685 1299 858 1344 praeter
891 1299 1083 1337 cervices
1115 1303 1390 1350 quaererent,
1425 1302 1496 1348 qui
1528 1303 1579 1340 de
1611 1302 1698 1351 ala,
1733 1303 1783 1340 de
1814 1303 1970 1351 latere,

341 1368 656 1410 fabularentur.
700 1372 811 1411 Loco
855 1375 971 1412 enim
1010 1375 1147 1414 semel
1179 1376 1232 1414 ab
1265 1376 1455 1415 Homero
1488 1377 1698 1426 indicato,
1733 1379 1833 1425 quid
1865 1387 1973 1426 opus

349 1446 443 1482 erat
476 1446 611 1485 alium
646 1450 886 1494 quaerere?

405 1519 691 1561 Conferamus
738 1534 846 1571 quae
893 1526 944 1564 de
992 1527 1178 1565 Achillis
1226 1525 1397 1580 ἀτρωσίᾳ
1441 1530 1546 1566 nota
1587 1527 1813 1566 habemus.
1848 1528 1971 1566 Hanc

346 1595 538 1635 fabulam
572 1598 707 1636 serior
739 1600 916 1638 demum
950 1603 1073 1640 aetas
1106 1603 1267 1650 scripto
1300 1603 1543 1641 mandavit.
1577 1603 1711 1641 Poeta
1736 1603 1854 1641 enim
1882 1613 1969 1641 car-

347 1671 478 1709 minis
534 1673 644 1721 epici
694 1674 883 1722 Aegimii
935 1698 979 1701 —
1032 1677 1169 1715 fuisse
1216 1680 1375 1726 putant
1421 1678 1652 1727 Cercopem
1703 1677 1970 1716 Onomacriti

345 1747 574 1793 aequalem
608 1770 658 1774 —
688 1747 730 1786 ἐν
759 1748 926 1804 δευτέρῳ
955 1750 1094 1801 φησὶν,
1122 1751 1178 1790 ὅτι
1206 1749 1230 1801 ἡ
1264 1752 1373 1798 Θέτις
1400 1753 1453 1798 εἰς
1481 1752 1623 1803 λέβητα
1643 1753 1786 1797 ’ὕδατος
1806 1752 1968 1802 ἔβαλλεν

346 1821 438 1867 τοὺς
485 1821 525 1860 ἐκ
574 1824 737 1873 Πηλέως
783 1827 1058 1876 γεννωμένους
1105 1834 1254 1879 γνῶναι
1304 1828 1542 1878 βουλομένη,
1587 1828 1619 1866 εἰ
1666 1829 1813 1878 θνητοί
1853 1828 1967 1865 εἰσιν·

345 1896 468 1947 ἕτεροι
500 1897 542 1937 δὲ
574 1900 627 1946 εἰς
659 1907 759 1950 πῦρ,
790 1899 842 1947 ὡς
872 1903 1127 1950 Ἀπολλώνιός
1160 1915 1271 1953 φησι·
1303 1904 1368 1942 καὶ
1397 1903 1444 1954 δὴ
1473 1907 1628 1942 πολλῶν
1657 1902 1967 1953 διαφθαρέντων

346 1972 617 2024 ἀγανακτῆσαι
666 1975 732 2014 τὸν
783 1977 917 2027 Πηλέα
966 1978 1029 2016 καὶ
1079 1982 1250 2017 κωλῦσαι
1301 1979 1368 2018 τὸν
1411 1979 1577 2030 Ἀχιλλέα
1623 1978 1874 2029 ἐμβληθῆναι
1915 1977 1968 2022 εἰς

343 2048 497 2099 λέβητα.
517 2051 775 2099 Apollonius
793 2055 942 2092 autem
961 2054 1156 2093 Rhodius
1182 2055 1239 2093 IV
1267 2056 1352 2095 869
1382 2056 1448 2101 (cf.
1480 2055 1811 2104 [Apollod].111‚
1836 2054 1906 2102 13,
1927 2054 1968 2096 6)

345 2125 467 2164 docet
499 2126 730 2166 Thetidem
762 2138 847 2167 non
880 2129 994 2168 hanc
1025 2131 1076 2168 ob
1109 2141 1286 2169 causam
1320 2131 1535 2170 Achillem
1564 2132 1607 2169 in
1635 2131 1782 2178 ignem
1799 2130 1968 2178 iecisse,

345 2201 456 2246 quod
484 2203 724 2250 periculum
753 2204 894 2243 facere
927 2206 1078 2255 vellet,
1114 2209 1264 2246 utrum
1296 2207 1499 2246 mortalis
1531 2207 1648 2245 esset
1680 2216 1785 2254 puer
1816 2215 1971 2254 necne,

345 2276 420 2314 sed
453 2279 499 2315 ut
532 2278 830 2318 immortalem
865 2291 964 2319 eum
998 2283 1220 2322 redderet:

1439 2356 1545 2408 ὄφρα
1577 2356 1732 2396 πέλοιτο

641 2427 864 2481 ἀθάνατος,
895 2433 964 2470 καί
995 2433 1035 2471 οἱ
1063 2433 1250 2485 στυγερὸν
1283 2434 1374 2484 χροῒ
1399 2439 1523 2485 γῆρας
1551 2432 1725 2471 ἀλάλκοι.

403 2505 558 2544 Postea
599 2509 827 2557 venerunt,
872 2509 945 2556 qui
986 2510 1170 2548 Achillis
1202 2510 1342 2548 talum
1375 2511 1643 2558 exciperent,
1679 2508 1764 2547 seri
1795 2507 1968 2555 quidem

344 2582 565 2630 auctores,
609 2585 714 2630 puta
756 2584 939 2634 Statius,
975 2586 1050 2623 sed
1083 2586 1276 2624 fabulam
1311 2586 1451 2625 multo
1484 2588 1585 2625 ante
1618 2584 1844 2623 exstitisse
1875 2584 1970 2621 tute

342 2657 563 2695 statueris,
597 2657 743 2704 Neque
776 2659 1015 2698 Homerum
1051 2671 1125 2708 pro
1158 2661 1293 2700 nihilo
1326 2662 1461 2700 fuisse
1493 2662 1537 2699 in
1570 2661 1650 2699 hac
1678 2659 1826 2698 fabula
1851 2657 1966 2696 effin-

344 2732 484 2779 genda
517 2732 759 2772 credideris.
795 2733 901 2782 Quid
934 2736 1047 2773 enim
1079 2736 1379 2784 verisimilius,
1410 2746 1539 2783 quam
1568 2735 1781 2774 Achillem
1813 2735 1965 2773 eodem

344 2809 534 2856 corporis
565 2809 677 2854 loco,
711 2819 794 2856 quo
822 2809 1012 2848 laeserat
1035 2811 1267 2849 Hectorem
1299 2813 1349 2855 (X
1383 2812 1495 2859 396),
1533 2813 1575 2849 et
1601 2811 1747 2859 ipsum
1775 2811 1964 2848 mortem

341 2884 591 2932 accepisse?
625 2881 815 2932 ’Ἀτρωτος
858 2886 990 2932 igitur
1024 2885 1262 2924 habebatur
1294 2885 1506 2933 Achilles,
1542 2886 1618 2924 sed
1651 2886 1753 2933 quia
1786 2885 1964 2924 vulnere

342 2959 527 3004 quodam
564 2961 760 2998 mortuus
794 2971 892 2999 esse
926 2961 1158 3010 ferebatur,
1193 2962 1476 3009 excipiendus
1508 2963 1601 2999 erat
1633 2961 1754 3000 locus
1787 2961 1932 3008 aliqui.

403 3034 568 3073 Videtis
609 3035 803 3074 fabulam
846 3036 897 3074 de
939 3036 1086 3075 Aiacis
1127 3035 1297 3089 ἀτρωσίᾳ
1329 3047 1404 3085 per
1436 3036 1610 3075 eosdem
1644 3036 1803 3084 gradus
1836 3038 1964 3084 atque
