2141 3487
835 310 887 337 DE
920 310 1066 338 AtACE.
1708 300 1759 336 91

138 426 255 475 Quod
290 436 390 465 vero
433 424 544 474 apud
578 422 897 462 Philostratum
930 411 1068 462 semel
1101 423 1266 461 factum
1301 431 1398 460 esse
1433 421 1606 459 videtur
1640 424 1769 468 atque

136 502 176 540 id
206 502 248 540 in
276 501 401 539 litore
428 499 629 546 Troiano,
658 498 739 536 hoc
767 497 877 546 apud
906 497 1112 536 Tzetzam
1143 499 1322 546 apparet
1350 496 1484 535 fuisse
1503 495 1764 535 sacrificium

135 577 330 616 solemne
370 585 456 614 non
499 574 726 622 peregrina
758 573 801 611 in
835 573 1030 622 regione,
1064 573 1141 612 sed
1174 574 1270 621 ipsa
1303 573 1345 610 in
1379 571 1520 620 patria
1553 571 1764 610 habiturn.

135 651 315 690 Accedit
355 650 467 698 quod
510 648 805 687 Philostratus
846 648 1038 695 loquitur
1080 649 1130 687 de
1164 646 1400 699 ἐναγίσμασι
1433 647 1459 685 i.
1481 657 1514 685 e.
1550 646 1601 685 de
1635 647 1768 685 sacri-

134 726 243 766 ficiis
273 726 430 766 oblatis
462 725 551 764 illis
582 724 798 777 heroibus,
833 733 1016 772 quorum
1046 724 1394 763 benevolentiam
1424 722 1506 761 sibi
1525 722 1768 761 adsciscere

134 801 339 841 volebant
371 802 572 840 homines
605 802 850 849 precantes,
887 801 935 838 ut
967 799 1114 838 fausta
1142 800 1290 839 omnia
1316 799 1483 848 patriae
1509 797 1770 846 praeberent

133 878 250 917 mala
282 879 429 917 autem
463 879 506 916 et
538 876 814 916 calamitates
849 877 1114 914 averterent.

194 953 366 1002 „Neben
407 953 507 991 dem
544 951 742 990 Wunsch
777 952 844 989 die
877 950 1124 989 Wohltater
1158 951 1234 988 des
1267 949 1436 988 Landes
1469 960 1521 988 zu
1554 951 1767 989 verehren

128 1029 214 1068 und
243 1029 337 1067 sich
370 1028 490 1066 ihres
523 1028 688 1075 Segens
721 1026 788 1064 fur
823 1026 906 1065 alle
940 1026 1034 1065 Zeit
1067 1036 1119 1064 zu
1153 1026 1407 1064 versichern
1441 1026 1499 1063 ist
1531 1025 1598 1063 die
1627 1026 1770 1074 Angst

128 1114 206 1143 vor
252 1103 582 1142 verderblichen
625 1102 899 1149 Wirkungen
943 1101 1016 1140 der
1067 1101 1237 1140 Geister
1281 1101 1420 1150 derer‚
1465 1101 1532 1139 die
1573 1101 1770 1139 Unrecht

128 1179 305 1219 erlitten
338 1179 498 1227 haben,
536 1188 612 1216 vor
645 1177 777 1216 allem
813 1177 1077 1225 unschuldig
1110 1177 1411 1226 Gemordeter‚
1447 1177 1512 1215 die
1543 1176 1769 1215 Veranlas-

128 1265 240 1303 sung
281 1265 334 1292 zu
376 1253 747 1301 Heroisierungen
791 1262 1015 1301 gewesen;
1061 1262 1163 1291 man
1203 1252 1337 1291 hoffte
1371 1263 1419 1291 so
1451 1253 1574 1291 ihren
1607 1253 1768 1292 Rache-

127 1331 252 1369 durst
284 1341 337 1368 zu
372 1330 649 1369 verschnen”
683 1329 878 1377 (Stengel
911 1328 1223 1367 Kultusaltert.
1258 1339 1297 1377 p.
1336 1329 1447 1373 125).

179 1403 420 1457 Ἔναγίζειν,
467 1404 711 1456 ἐναγίσματα
759 1404 811 1443 de
860 1403 1066 1443 heroibus
1114 1405 1367 1453 usurpatur,
1418 1404 1536 1442 θύειν
1583 1404 1633 1442 de
1677 1404 1769 1443 deis

129 1482 289 1521 dicitur
322 1481 496 1526 (Herod.
525 1481 574 1530 V,
609 1482 693 1525 47).
728 1480 866 1518 Affert
899 1480 1075 1527 quidem
1108 1480 1315 1518 Deneken
1348 1480 1460 1528 apud
1494 1480 1767 1519 Roscherum

131 1558 292 1602 (Lexic.
327 1558 346 1595 I
381 1557 510 1601 2506)
555 1567 609 1595 ex
650 1556 824 1595 Arriani
866 1555 1060 1594 Anabasi
1093 1555 1201 1604 (VII,
1240 1556 1305 1603 14,
1343 1556 1381 1599 7)
1415 1554 1679 1594 locutionem
1714 1553 1765 1601 ὡς

130 1631 232 1682 ἥρωϊ
271 1633 409 1682 θύειν,
451 1633 527 1671 sed
569 1632 713 1671 locum
756 1632 903 1679 ipsum
937 1630 1271 1679 inspicientibus
1304 1630 1530 1678 apparebit
1560 1630 1766 1670 Deneken

129 1707 276 1746 locum
311 1708 427 1747 male
461 1691 680 1746 laudasse.
715 1706 856 1745 Verba
889 1707 1006 1745 enim
1039 1708 1165 1745 sunt:

195 1781 416 1834 ηὲναγίζειν
450 1797 488 1821 τε
523 1782 580 1821 ὅτι
614 1780 674 1820 ἀεὶ
707 1780 758 1828 ὡς
786 1781 888 1832 ἥρωϊ
913 1780 1091 1819 ἐκέλευεν
1110 1778 1392 1831 “Ηφαιστίωνι,
1420 1787 1533 1820 τοῦτο
1568 1779 1639 1831 μὲν
1667 1780 1765 1832 πρὸς

129 1864 206 1896 τῶν
253 1858 446 1897 πλείστων
493 1856 802 1909 ἀναγέγραπται·
853 1857 894 1895 οἵ
937 1855 980 1895 δὲ
1036 1855 1222 1909 λέγουσιν
1271 1856 1328 1895 ὅτι
1369 1856 1435 1895 καὶ
1477 1857 1530 1902 εἰς
1557 1855 1765 1906 Ἄμμωνος

129 1932 306 1984 ἔπεμψεν
339 1932 609 1985 ἐρησομένους
642 1932 710 1972 τὸν
743 1932 843 1971 θεὸν
877 1932 910 1971 εἰ
941 1931 1007 1970 καὶ
1039 1930 1100 1979 ὡς
1133 1936 1234 1986 θεῷ
1263 1933 1384 1972 θύειν
1413 1929 1766 1984 συγχωρεῑ“Ηφαι-

131 2009 276 2048 στίωνι·
309 2008 377 2048 τὸν
411 2007 454 2048 δὲ
486 2008 533 2048 οὐ
567 2009 862 2060 συγχωρῆσαι.”

189 2085 374 2124 Tzetzes
417 2087 566 2124 autem
608 2084 649 2122 τὸ
693 2082 953 2133 ὁλοκαύτωμα
992 2085 1115 2123 Aiaci
1148 2084 1346 2123 oblatum
1381 2083 1571 2132 appellat
1614 2083 1766 2121 θυσίαν

133 2167 183 2214 τῷ
228 2159 338 2212 ἥρωι.
381 2161 474 2199 Non
507 2160 633 2199 facile
667 2161 797 2198 unius
831 2160 1016 2199 Tzetzae
1048 2160 1194 2198 verbis
1226 2160 1365 2198 fretus
1404 2159 1659 2198 affirmarim
1695 2159 1767 2197 Lo-

131 2246 306 2275 crenses
353 2237 532 2275 Aiacem
582 2246 668 2275 non
710 2247 786 2284 pro
829 2237 977 2286 heroe,
1022 2237 1096 2274 sed
1129 2246 1206 2284 pro
1234 2235 1427 2289 ὃαιμονίῳ
1462 2251 1511 2290 τῳ
1545 2235 1765 2274 habuisse.

133 2311 214 2350 Sed
262 2313 360 2359 post
407 2322 458 2350 ea
506 2321 615 2359 quae
662 2322 795 2360 supra
836 2312 886 2350 de
930 2312 1062 2350 Aiace
1106 2312 1429 2360 disputavimus
1472 2312 1541 2350 vei
1580 2311 1766 2350 Tzetzae

133 2387 265 2426 verba
313 2387 548 2426 observatu
591 2387 720 2434 digna
760 2388 974 2426 videntur.
1017 2387 1333 2426 Animadverte
1367 2397 1536 2434 quoque
1569 2389 1764 2435 tempuS,

132 2472 215 2510 quo
263 2472 422 2501 navem
464 2463 691 2501 incensam
732 2463 776 2500 in
820 2462 958 2501 altum
1001 2463 1228 2501 inmittere
1260 2462 1465 2501 solerent.
1499 2463 1652 2501 Fiebat
1685 2461 1767 2500 ἐπεὶ

129 2533 257 2588 ἡμέρα
305 2537 542 2586 διεφαίνετο.
591 2538 764 2577 Dixeris
810 2539 976 2578 factum
1024 2539 1065 2577 id
1109 2550 1205 2578 esse
1249 2540 1350 2586 quia
1392 2541 1511 2578 venti
1558 2541 1766 2578 matutini

129 2623 251 2653 mare
301 2624 477 2653 versum
520 2614 623 2653 flare
665 2614 822 2653 solent.
871 2615 927 2653 At
971 2614 1156 2653 observa
1198 2615 1344 2653 addita
1378 2625 1474 2654 esse
1506 2616 1636 2655 haec:
1676 2614 1767 2664 „nai

132 2687 244 2728 οὔπω
263 2687 378 2740 ἡλίου
397 2688 628 2741 ἀνίσχοντος
657 2688 758 2739 αὐτὴ
786 2688 1078 2740 κατεφλέχθη”.
1109 2691 1298 2730 Videsne
1316 2690 1584 2730 sacrificium
1603 2693 1769 2730 sactum

126 2776 221 2804 esse
263 2766 405 2814 primo
449 2766 638 2805 diluculo
672 2766 793 2804 brevi
826 2768 1022 2814 tempore
1056 2768 1157 2805 ante
1189 2767 1297 2806 solis
1331 2770 1511 2806 ortum?
1545 2768 1652 2815 Quid
1687 2768 1766 2806 hoc

130 2841 211 2879 sibi
245 2842 369 2881 vult?
402 2842 467 2881 Ad
502 2842 633 2880 verba
664 2841 840 2879 Pindari
875 2841 1044 2885 (Isthm.
1074 2842 1145 2890 IV,
1186 2843 1305 2887 11Ο);

603 2920 730 2955 τοῖσιν
764 2915 805 2954 ἐν
840 2916 1057 2966 ὄυσμαῖσιν
1090 2917 1221 2969 αὐγᾶν

605 2993 704 3042 φλὸξ
737 2991 1029 3042 ἀνατελλομένα
1063 2991 1222 3044 συνεχὲς
