2200 3487
425 351 478 388 64
1116 359 1168 384 DE
1201 358 1343 385 ΑῐΑιἚ.

423 474 596 513 fuerant
636 474 762 512 heros
805 482 1046 521 eponymus
1080 474 1121 508 et
1154 481 1243 508 rex.
1278 470 1513 507 Temerene
1547 468 1909 517 atthidographus
1941 467 2046 505 haec

425 550 601 587 nomina
649 559 746 587 cum
797 548 889 586 loco
937 547 1107 585 Atticae
1165 545 1364 592 proximo
1413 544 1675 582 coniunxit?
1722 544 1832 590 Non,
1884 543 2046 590 opinor.

425 623 576 662 Cultus
607 624 721 662 enim
756 623 812 660 ibi
846 622 1020 660 habitus
1053 619 1156 667 fingi
1190 629 1275 658 non
1309 621 1501 667 poterat;
1539 620 1676 657 immo
1711 620 1915 657 cohaeret
1949 627 2047 656 cum

424 699 763 737 Salaminiorum
797 697 980 735 solemni
1016 701 1113 732 νεῶν
1148 692 1289 747 ἁμίλλῃ
1323 695 1446 732 Aiaci
1475 695 1685 732 dedicata.
1714 694 1922 732 Pha-eacis
1947 703 2044 740 quo-

425 785 505 820 que
538 784 695 812 nomen
730 772 913 811 Athenis
946 771 1130 809 minime
1163 770 1391 808 insolitum
1421 770 1546 814 (plut.
1576 770 1666 808 Nic.
1690 771 1760 816 11;
1791 769 1921 808 Thuc.
1940 769 1990 813 V,
2007 771 2046 813 4)

426 850 493 887 hic
525 849 686 896 aliquid
720 848 856 886 valet:
890 847 952 884 sic
986 846 1101 884 enim
1137 845 1381 893 appellatur
1413 845 1524 893 apud
1554 845 1700 892 Steph.
1730 845 1832 892 Byz.
1862 844 2048 892 Neptuni

425 927 467 962 et
498 924 700 972 Asopidis
731 923 862 969 filius,
897 921 1008 970 apud
1048 920 1268 959 Cononem
1302 931 1404 958 vero
1438 922 1530 958 tam
1564 920 1734 958 Alcinoi
1767 929 1895 967 quam
1928 919 2050 957 Locri

425 1003 558 1048 pater.
588 999 823 1037 Versamur
850 998 982 1045 igitur
1009 996 1051 1034 in
1081 996 1302 1043 Odysseae
1330 999 1466 1044 parte,
1488 996 1610 1034 cuius
1628 995 1806 1033 nomina
1823 994 2048 1033 Graeciam

426 1076 614 1114 mediam
667 1077 708 1112 et
761 1073 1018 1122 praesertim
1078 1073 1274 1110 Atticam
1332 1073 1374 1110 et
1431 1071 1698 1110 Salaminem
1756 1072 1804 1109 ut
1849 1071 2047 1119 respicia-

424 1162 523 1190 mus
566 1161 644 1189 nos
685 1150 879 1188 monent.
924 1148 1058 1195 Regio
1096 1149 1212 1186 certe
1255 1147 1466 1195 fabulosa,
1505 1157 1634 1194 quam
1661 1146 1897 1194 appellavit
1924 1148 2051 1195 poeta

424 1225 594 1276 Σχερίην
625 1227 651 1263 i.
681 1236 714 1264 e.
750 1225 890 1275 Litus,
925 1224 1041 1261 haud
1074 1223 1222 1271 procul
1255 1223 1306 1261 ab
1340 1223 1489 1262 Attica
1522 1245 1575 1248 —
1620 1223 1657 1260 si
1690 1222 1848 1260 saltem
1883 1224 2048 1261 certam

426 1302 641 1349 quandam
674 1301 896 1348 regionem
929 1309 1004 1347 pro
1039 1299 1178 1337 oculis
1205 1298 1431 1337 habuit—
1464 1300 1619 1346 poetae
1647 1298 1688 1335 in
1716 1299 1864 1336 mente
1891 1298 2052 1336 afuisse

424 1377 606 1415 videtur.
641 1376 786 1423 Neque
819 1385 1078 1423 possumus,
1113 1375 1215 1422 quin
1248 1376 1486 1413 nautarum
1518 1385 1753 1413 numerum
1789 1375 1858 1423 52,
1893 1374 2050 1422 quibus

425 1453 670 1490 Phaeacum
703 1461 839 1489 naves
874 1450 1083 1499 compleri
1116 1450 1327 1499 solebant,
1363 1450 1414 1489 ob
1449 1450 1696 1489 Phaeacum
1729 1459 1880 1498 regum
1904 1459 2036 1488 nume

425 1537 522 1565 rum
559 1527 608 1564 13
643 1537 664 1564 e
698 1527 722 1563 4
746 1525 793 1574 ><
821 1526 871 1564 13
907 1527 1051 1563 ortum
1086 1535 1182 1564 esse
1215 1528 1444 1574 putemus;
1487 1526 1550 1564 ita
1582 1528 1630 1564 ut
1661 1527 1866 1573 quattuor
1897 1525 2054 1573 phylas

427 1602 625 1640 Scheriae
668 1602 804 1640 fuisse
851 1601 919 1639 vel
962 1602 1107 1649 potius
1140 1603 1314 1649 poetam
1349 1601 1429 1639 sibi
1461 1601 1661 1649 finxisse,
1695 1602 1892 1649 systema
1921 1601 2055 1648 igitur

423 1677 631 1725 ionicum,
682 1676 923 1715 verisimile
975 1677 1200 1715 ducamus.
1251 1676 1375 1715 Glotz
1424 1677 1467 1714 in
1514 1676 1641 1724 libro,
1690 1677 1762 1724 qui
1804 1675 2054 1714 inscribitur

426 1752 610 1801 „Etudes
652 1752 835 1790 sociales
874 1754 917 1790 et
955 1752 1198 1800 juridiques
1231 1762 1305 1790 sur
1339 1752 1585 1799 l'antiquite
1618 1753 1834 1800 grecque”
1868 1762 1908 1800 p.
1944 1750 2048 1796 239ι

426 1837 579 1866 omnes
620 1827 868 1866 Phaeacum
911 1837 980 1865 res
1012 1827 1261 1866 maritimas
1295 1837 1393 1865 cum
1430 1827 1577 1865 atticis
1611 1828 1853 1865 naucrariis
1887 1836 2039 1874 compo

425 1904 514 1941 suit
545 1903 770 1950 multaque
802 1903 860 1940 ibi
893 1903 1109 1950 sagaciter
1142 1902 1374 1941 observata
1406 1903 1609 1950 reperies.

487 1979 584 2026 Sed,
620 1980 669 2017 ut
702 1978 753 2016 ad
785 1979 960 2026 incepta
993 1978 1241 2026 redeamus,
1271 1978 1435 2016 Teucer
1462 1988 1483 2016 e
1511 1978 1688 2016 Locride
1715 1978 1924 2016 oriundus
1950 1978 2052 2016 emi-

425 2055 566 2102 gravit
614 2053 902 2102 Salaminem,
936 2053 1009 2091 ubi
1042 2055 1085 2092 et
1115 2054 1208 2102 ipse
1242 2055 1285 2092 et
1317 2054 1450 2101 Aiax,
1496 2055 1647 2101 utpote
1679 2054 1750 2100 qui
1783 2056 1905 2101 patre
1939 2063 2052 2092 care-

426 2131 538 2170 rent.
582 2128 807 2167 Telamoni
840 2128 1012 2167 cuidam
1046 2128 1205 2167 addicti
1232 2130 1349 2167 sunt.
1390 2128 1542 2167 Graeci
1574 2130 1745 2177 autem,
1783 2129 1855 2175 qui
1888 2129 1987 2167 inde
2028 2138 2053 2166 a

427 2214 538 2242 nono
581 2203 753 2242 saeculo
796 2203 987 2251 Cyprum
1031 2203 1267 2242 veniebant
1298 2204 1441 2251 ibique
1474 2203 1739 2242 Teucrorum
1782 2204 2056 2252 reperiebant

427 2288 603 2326 nomen,
641 2277 904 2317 effinxerunt
936 2278 1151 2327 fabulam,
1197 2289 1280 2326 qua
1327 2280 1454 2317 heros
1501 2289 1684 2326 graecus
1730 2289 1816 2318 non
1854 2281 2053 2327 receptus

429 2363 453 2391 a
499 2355 619 2401 patre
655 2354 705 2392 ob
754 2354 989 2402 segnitiem
1033 2364 1119 2392 non
1161 2355 1407 2393 vindicatae
1440 2355 1588 2393 fratris
1634 2355 1817 2394 iniuriae
1864 2355 2052 2404 Cyprum

428 2427 633 2476 appulsus
681 2428 912 2468 ferebatur.
972 2429 1235 2468 Teucrorum
1293 2440 1418 2477 reges
1479 2429 1665 2478 Cyprum
1711 2430 1961 2469 habitantes
2001 2430 2052 2470 ob

427 2503 545 2540 urbis
586 2512 689 2540 suae
726 2503 978 2550 insulaeque
1023 2503 1260 2542 Salaminis
1302 2504 1635 2551 homonymiam
1679 2505 1889 2553 originem
1926 2516 2050 2544 suam

426 2588 450 2615 a
498 2576 660 2615 Teucro
707 2577 886 2616 duxisse
935 2579 1120 2617 coniecit
1168 2579 1320 2617 Busolt
1364 2579 1448 2623 (Gr.
1496 2579 1541 2617 G.
1587 2580 1675 2627 Ip.
1712 2581 1826 2625 321).
1870 2581 2049 2628 Iniuria,

429 2653 553 2699 puto:
596 2652 687 2699 ipse
721 2653 837 2690 enim
885 2654 1039 2692 Busolt
1087 2655 1292 2693 observat
1334 2653 1487 2692 urbem
1529 2654 1732 2702 Cypriam
1765 2655 2051 2704 Salaminem,

428 2728 691 2766 Graecorum
754 2729 967 2767 coloniam
1027 2730 1369 2778 validissimam,
1419 2729 1469 2768 ab
1533 2730 1708 2768 Graecis
1755 2731 1861 2778 ipsis
1917 2731 2052 2770 fuisse

429 2802 661 2841 conditam.
725 2803 915 2851 Vestigia
961 2806 1118 2852 punica
1159 2815 1339 2853 prorsus
1381 2805 1439 2843 ibi
1486 2805 1657 2843 absunt.
1707 2805 1875 2844 Novum
1918 2807 2052 2854 igitur

428 2878 630 2925 oppidum
673 2877 775 2924 quin
820 2878 966 2917 Graeci
1016 2880 1276 2928 appellarint
1307 2881 1483 2919 nomine
1515 2890 1686 2928 graeco,
1725 2880 1820 2926 quis
1852 2881 2052 2920 dubitat?

429 2951 552 2990 Unde
609 2953 805 2999 sequitur
861 2963 1018 2992 nomen
1079 2955 1250 2993 Sillumi
1309 2955 1360 2993 ab
1409 2955 1560 2993 incolis
1609 2955 1760 2993 datum
1809 2965 1830 2994 e
1877 2956 2053 2995 nomine

431 3026 665 3065 Salaminis
718 3037 814 3065 esse
870 3028 1175 3078 depravatum,
1236 3041 1319 3069 non
1379 3033 1526 3068 autem
1585 3040 1743 3069 nomen
1801 3031 1971 3069 Sillumi
2029 3041 2053 3068 a
