2200 3487
823 393 875 420 nn
908 392 1054 421 ΛΙΑυΕ.
1698 386 1749 421 19

114 507 254 547 Heros
286 508 376 556 galt
407 508 484 546 das
517 507 708 545 attische
743 508 982 546 Staatssost
1015 508 1090 546 der
1124 508 1288 546 Pandia
1321 508 1474 553 (QLA.
1509 509 1548 546 Il
1583 509 1666 547 554
1688 510 1747 555 b);

111 584 191 621 wir
237 584 408 622 kennen
456 583 567 622 auch
615 584 767 622 seinen
812 584 1015 632 Priester,
1059 584 1179 622 seine
1223 584 1376 622 Statue
1420 583 1497 622 auf
1526 584 1601 622 der
1633 584 1750 632 Burg

112 659 197 697 und
239 659 316 697 das
358 658 599 707 Heiligtum
641 659 685 697 in
718 659 817 697 dem
850 659 918 697 die
951 659 1170 698 attischen
1204 659 1592 707 Phylengenossen
1625 660 1749 698 ihren

110 734 358 782 Eponymos
401 735 664 773 verehrten''
703 735 915 784 (Toepffer
948 735 1150 774 Attische
1184 735 1357 774 Geneal.
1391 746 1430 784 p.
1471 737 1550 774 162
1583 730 1748 781 2ΑΠΠ1·),

114 809 221 857 Quid
268 810 434 858 igitur?
480 811 763 860 Interpolatio
806 812 941 850 attica
982 821 1068 849 non
1112 812 1211 849 est?
1252 811 1348 860 Est,
1383 811 1459 850 sed
1492 822 1601 859 quae
1633 812 1749 851 aliud

111 885 212 932 quid
259 886 486 934 spectabat
533 897 664 934 quarn
708 886 1045 926 Atheniensium
1088 887 1288 926 dedecus.
1333 887 1548 926 Observat
1590 888 1748 927 Pausa-

112 961 208 999 nias
250 962 287 1010 I,
332 963 407 1011 41,
453 964 503 1001 6:
550 961 690 1012 ,,τιμὰς
732 959 775 1000 δὲ
816 960 883 1000 καὶ
925 960 968 1000 ἐν
1007 968 1053 1016 τῇ
1084 961 1197 1001 πόλει
1227 961 1336 1013 παρὰ
1370 961 1595 1014 Μεγαρέων
1627 962 1746 1014 ἔχεθ’.

109 1036 419 1076 Honorabatur
464 1039 600 1086 igitur
646 1039 841 1077 Pandion
884 1039 936 1077 ab
978 1039 1033 1077 iis
1076 1049 1245 1086 quoque
1288 1050 1309 1077 e
1351 1049 1536 1086 quorum
1568 1040 1746 1088 regione

110 1114 309 1153 Athenas
370 1116 566 1154 venerat.
631 1115 744 1153 Num
806 1115 918 1154 forte
979 1115 1268 1163 interpolator
1328 1115 1547 1155 lacessere
1609 1116 1751 1155 voluit

109 1189 418 1237 Megarenses?
458 1190 572 1229 Nam
614 1190 658 1228 in
702 1191 921 1238 Megaride
962 1189 1061 1240 πρὸς
1104 1189 1292 1245 θαλάσσῃ
1334 1191 1472 1241 μνῆμά
1504 1189 1609 1230 ἐστιν
1642 1192 1746 1231 Pan·

108 1265 247 1304 dionis
304 1263 347 1303 ἕν
404 1268 573 1316 Ἀθηνᾶς
619 1265 799 1312 Αἰθυίας
845 1264 1081 1321 καλουμένῳ
1135 1264 1324 1321 σκοπέλῳ.
1373 1267 1586 1306 Novimus
1633 1268 1746 1307 hanc

106 1341 348 1380 Minervam
396 1343 631 1392 marinam,
682 1343 751 1381 cui
800 1342 1048 1381 Cassandra
1095 1343 1147 1381 ab
1196 1343 1328 1382 Aiace
1371 1343 1552 1391 abrepta
1594 1354 1744 1392 preces

107 1427 212 1456 suas
245 1418 475 1468 submisit,

404 1493 530 1533 πολλὰ
562 1493 612 1544 δὴ
647 1495 846 1534 Βούδειαν
880 1495 1066 1534 Αἴθυιαν
1100 1494 1243 1546 Κόρην

287 1569 444 1621 ἀρωγὸν
476 1570 685 1617 αὐδάξασα
718 1571 921 1622 τάρροθον
954 1571 1094 1623 γάμων
1130 1572 1360 1620 (Lycophr.
1394 1571 1519 1611 AleX.
1554 1570 1679 1623 359);

108 1646 184 1684 sed
202 1646 355 1685 eadem
382 1646 465 1684 fuit
489 1647 694 1696 Aethyia,
725 1658 835 1695 quae
862 1648 1095 1696 dissipavit
1123 1648 1387 1687 Graecorum
1410 1648 1601 1687 classem
1620 1649 1744 1687 Aiaci

108 1722 233 1760 irata.
277 1722 436 1760 Petivit
465 1723 611 1772 igitur,
647 1723 684 1761 si
718 1723 818 1770 quid
852 1723 1074 1773 videmus,
1109 1724 1398 1772 interpolator
1430 1724 1552 1763 iussu
1584 1724 1742 1762 Philai-

107 1797 260 1835 darum
295 1799 338 1836 et
370 1798 737 1846 Eurysacidarum
770 1799 904 1837 simul
937 1810 1037 1838 cum
1071 1799 1315 1847 Megarensi
1343 1800 1564 1839 Pandione
1591 1800 1742 1838 Miner-

109 1883 209 1912 vam
252 1874 504 1924 Aethyiam,
556 1876 678 1914 cuius
720 1876 887 1914 socium
929 1879 1047 1921 (nam
1081 1877 1274 1915 Pandion
1310 1877 1457 1915 stabat
1488 1875 1530 1915 ἐν
1562 1877 1741 1923 Αἰθυίας

106 1947 297 2005 σκοπέλῳ)
331 1950 484 1989 Teucri
515 1950 747 2002 θεράποντα
772 1952 949 1991 faceret.
978 1953 1054 2001 At,
1086 1953 1122 1991 si
1150 1953 1312 1992 atticus
1334 1953 1418 1991 fuit
1436 1953 1740 2004 interpolator,

106 2035 250 2065 nonne
297 2027 449 2065 eodem
497 2027 603 2075 telo,
648 2038 731 2074 quo
764 2028 1063 2076 Megarensem
1097 2029 1273 2077 petebat
1305 2029 1432 2068 deam
1466 2031 1509 2068 et
1540 2030 1738 2079 heroem,

106 2111 210 2141 suos
249 2102 389 2151 ipsius
429 2103 559 2142 laesit
601 2103 739 2153 cives,
784 2104 1009 2153 quoniam,
1051 2106 1099 2142 ut
1131 2114 1264 2153 supra
1296 2105 1508 2154 vidimus,
1544 2105 1738 2144 Pandion

106 2177 293 2217 Athenis
338 2189 508 2226 quoque
556 2189 716 2228 magno
764 2179 982 2228 gaudebat
1022 2180 1218 2219 honore?
1261 2181 1458 2231 Minime,
1503 2182 1740 2222 dummodo

105 2254 358 2292 statuamus
400 2264 575 2293 versum
623 2256 675 2292 M
707 2256 791 2293 372
835 2256 937 2294 ante
979 2254 1219 2294 Clisthenis
1252 2257 1446 2295 aetatem
1479 2256 1523 2294 in
1554 2257 1737 2297 iliadem

104 2339 201 2367 esse
232 2329 419 2368 illatum.
450 2329 546 2379 Cur,
576 2332 735 2379 rogas?
764 2330 890 2381 Quia,
920 2334 968 2370 ut
995 2331 1192 2380 Toepffer
1219 2332 1312 2370 iure
1340 2332 1614 2382 observavit,
1644 2335 1738 2373 tam

105 2404 299 2443 Pandion
332 2415 462 2452 quam
495 2406 668 2454 Aegeus
700 2407 823 2445 initio
857 2407 1028 2446 nullum
1061 2407 1208 2446 locum
1241 2407 1285 2445 in
1319 2407 1552 2446 atticorum
1586 2419 1739 2458 regum

103 2481 215 2519 serie
247 2481 524 2530 obtinebant,
559 2482 636 2520 sed
668 2481 859 2521 filiorum
886 2492 1038 2521 eorum
1066 2493 1200 2521 causa
1228 2482 1467 2522 introducti
1494 2485 1611 2523 sunt.
1643 2486 1740 2534 „Sie

106 2558 204 2596 sind
242 2559 334 2596 erst
364 2558 409 2595 in
441 2557 571 2606 Folge
603 2558 678 2597 der
710 2558 973 2606 politischen
1006 2559 1318 2597 Massnahmen
1351 2559 1428 2597 des
1459 2559 1740 2600 Kleisthenes

105 2644 237 2682 enger
283 2634 366 2672 mit
412 2634 511 2672 dem
559 2633 843 2673 altattischen
890 2634 1143 2683 Sagenstoff
1186 2634 1522 2674 verschmolzen
1563 2637 1740 2676 worden

104 2710 192 2748 und
239 2709 409 2748 danken
453 2710 577 2748 ihren
619 2710 707 2748 Rus
746 2710 828 2748 den
871 2711 984 2749 nach
1020 2710 1153 2749 ihnen
1193 2710 1446 2749 benannten
1478 2711 1737 2751 staatlichen

104 2785 451 2824 Institutionen”
494 2788 548 2834 (p.
596 2786 706 2831 162).
752 2785 832 2834 Qui
865 2785 997 2834 igitur
1029 2787 1130 2825 ante
1163 2785 1437 2825 Clisthenem
1470 2787 1739 2827 Pandionem

102 2861 295 2910 petebat,
323 2861 507 2900 minime
525 2861 771 2900 lacessebat
788 2861 1102 2911 Athenienses,
1122 2872 1147 2900 a
1164 2862 1320 2909 quibus
1341 2862 1577 2900 Pandionis
1595 2863 1739 2901 cultus

101 2936 212 2975 forte
230 2937 372 2980 adhuc
389 2939 485 2976 erat
502 2937 687 2976 alienus.
717 2937 940 2975 Philaidae
967 2939 1117 2976 autem
1144 2938 1234 2976 iam
1260 2938 1399 2987 prius,
1420 2939 1519 2976 ante
1538 2938 1735 2976 Pisistra-

103 3013 218 3061 tum,
248 3013 285 3050 Si
313 3012 437 3051 audis
464 3013 578 3052 Plut.
608 3013 692 3051 SOI.
727 3014 797 3061 lO,
828 3011 1067 3065 κατῴκησαν
1095 3011 1136 3051 ἐν
1165 3014 1376 3064 Βραυρῶνι
1401 3011 1467 3050 καὶ
1495 3011 1537 3050 ἐν
1567 3013 1732 3067 Μελίτῃ.

103 3086 217 3134 Quae
253 3098 379 3137 gens,
412 3088 598 3127 simulac
631 3088 869 3127 Clisthenis
902 3088 1054 3126 diebus
1087 3088 1324 3128 Pandionis
1356 3099 1517 3127 nomen
1549 3089 1736 3127 Athenis
