2141 3487
769 309 820 336 Dm
853 308 1149 336 AMAzonUs.
1693 302 1765 338 141

140 426 305 465 maiore
351 428 500 464 tamon
547 423 810 462 auctoritato
859 421 1008 469 vigent
1058 422 1297 468 florentque
1345 433 1626 469 quaecunque
1667 424 1776 461 seris

139 501 370 550 nepotibus
396 500 502 539 bene
530 500 709 538 servata
735 497 1036 543 servandaque
1063 497 1338 535 tradiderunt
1364 498 1436 544 qui
1464 499 1564 536 ante
1586 498 1775 537 fuerunt.

143 578 212 616 Sic
243 587 352 624 quae
384 576 526 624 opinio
560 575 611 614 de
644 575 920 613 Amazonum
954 573 1120 621 origine
1147 573 1350 611 orientali
1378 574 1548 612 mentes
1575 573 1778 619 antiquas

140 652 388 700 occupavit,
434 651 600 689 mansit
643 649 874 696 haesitque
918 649 970 687 ad
1013 650 1188 687 nostros
1231 658 1367 696 usque
1400 649 1510 696 dies,
1544 649 1646 686 licet
1678 648 1778 686 huic

140 727 383 766 sententiae
426 728 470 765 et
513 726 777 765 Graecorum
821 725 972 773 religio
1006 726 1049 763 et
1081 734 1192 771 quae
1225 724 1460 772 scriptores
1492 726 1663 762 veteres
1695 725 1777 761 tra·

140 803 343 842 diderunt
383 806 530 851 aperte
569 801 860 850 refragentur,
896 802 1110 848 quantum
1145 800 1320 848 quidem
1358 800 1528 839 videam
1562 800 1777 847 equidem.

203 879 282 918 Sed
325 889 378 917 ne
420 878 607 916 materia
647 876 898 925 obruamur,
934 886 1112 924 operam
1147 875 1256 914 dabo
1290 877 1338 913 ut
1370 886 1424 914 ex
1456 876 1604 914 ordine
1637 875 1776 923 dispo-

141 955 273 993 sitam
315 954 551 992 lectoribus
593 952 826 1001 praebeam
869 951 1207 990 diiudicandam.
1251 951 1402 999 Itaque
1445 960 1576 998 quam
1619 950 1777 989 brevis-

140 1030 252 1069 sime
283 1031 432 1079 potero
467 1029 614 1068 varias
646 1028 869 1066 variorum
903 1027 1166 1075 scriptorum
1201 1027 1446 1066 sententias
1474 1026 1641 1065 duobus
1669 1027 1779 1074 capi—

139 1107 256 1145 tibus
289 1106 544 1154 complexus
576 1104 785 1153 refutare,
819 1104 917 1142 dein
945 1113 1092 1142 meam
1119 1103 1258 1152 ipsius
1286 1103 1533 1151 opinionem
1563 1111 1778 1150 exponere

143 1181 329 1221 conabor
354 1179 394 1226 ¹).

200 1257 433 1296 Muellerus
474 1256 554 1295 sub
598 1257 878 1294 Amazonum
921 1255 1120 1303 personis
1161 1255 1299 1294 latere
1342 1254 1500 1293 statuit
1532 1254 1779 1293 hierodulas

157 1333 258 1382 llas,
293 1332 447 1380 quibus
480 1332 660 1370 Pontica
692 1331 735 1369 in
768 1331 944 1379 regione
978 1330 1214 1369 mandatus
1242 1332 1336 1369 erat
1363 1329 1648 1369 Comanensis
1676 1330 1780 1369 deae

140 1408 306 1447 lunaris
339 1409 499 1447 cultus.
533 1408 570 1445 A
603 1407 727 1446 cuius
760 1407 840 1445 viri
874 1406 1122 1445 doctissimi
1155 1406 1354 1454 partibus
1387 1407 1508 1444 stant
1540 1406 1777 1455 Prellerus‚

142 1484 407 1533 Gerhardus,
454 1482 804 1531 Stackelbergus,
851 1482 936 1519 nisi
978 1482 1091 1529 quod
1135 1482 1179 1519 hi
1211 1482 1468 1520 addiderunt
1499 1482 1776 1520 Amazonum

141 1570 312 1608 pugnas
354 1561 396 1598 et
437 1569 604 1598 errores
636 1557 884 1606 significare
918 1558 1106 1607 labores,
1143 1558 1465 1606 contentiones,
1499 1556 1782 1595 difficultates

140 1636 341 1684 denique,
376 1645 486 1682 quae
519 1635 624 1673 deae
657 1633 1002 1672 assectatoribus
1035 1633 1140 1671 olim
1173 1633 1339 1671 fuerint
1366 1633 1598 1681 patiendae
1625 1635 1668 1671 et
1694 1643 1783 1681 per-

139 1711 342 1750 ferendae
375 1712 424 1749 ut
455 1711 549 1749 eius
580 1711 747 1749 cultum
780 1720 856 1759 per
888 1710 1042 1748 Asiam
1076 1710 1384 1748 extenderent.

201 1787 307 1826 Fors
344 1789 493 1826 autem
527 1788 630 1826 tulit
663 1789 710 1825 ut
743 1787 794 1825 de
826 1787 919 1825 vita
952 1786 1233 1833 moribusque
1268 1785 1612 1824 Comanensium
1646 1786 1785 1824 hiero-

141 1863 344 1902 dularum
387 1863 584 1902 docuerit
625 1874 705 1902 nos
747 1865 912 1911 auctor,
945 1863 1019 1910 qui
1052 1873 1151 1900 cum
1186 1862 1322 1900 bonae
1353 1861 1492 1909 frugis
1525 1859 1656 1910 plena
1687 1871 1782 1910 pro-

160 1948 253 1978 erre
285 1938 426 1977 soleat
457 1940 501 1977 et
533 1938 614 1978 fide
650 1939 808 1987 dignus
842 1938 893 1977 ab
921 1938 1142 1976 hodiernis
1171 1937 1394 1987 habeatur,
1424 1947 1539 1976 nunc
1567 1947 1616 1976 eo
1644 1937 1782 1985 pluris

141 2015 200 2053 sit
255 2014 479 2053 faciendus
526 2015 638 2063 quod
685 2014 861 2062 Dorylai
911 2014 1138 2052 cuiusdam
1188 2012 1475 2052 Comanensis
1522 2013 1781 2060 sacerdotiS,

141 2091 272 2130 testis
303 2091 435 2139 igitur
467 2090 647 2138 oculati,
681 2090 813 2128 fuerit
846 2091 1074 2137 cognatus.
1110 2088 1373 2127 Strabonem
1409 2088 1521 2127 dico.

203 2167 336 2205 Erant
384 2176 433 2205 eo
481 2168 596 2206 teste
646 2166 728 2204 duo
776 2165 943 2213 templa
991 2165 1186 2203 eiusdem
1230 2165 1353 2213 deae,
1397 2174 1533 2202 unum
1578 2163 1782 2203 Comanis

144 2242 337 2281 Ponticis
369 2242 422 2281 ad
453 2242 617 2280 flumen
649 2242 756 2290 Irin,
787 2241 975 2279 alterum
1005 2240 1210 2279 Comanis
1237 2239 1395 2279 Aureis
1422 2240 1465 2278 in
1495 2239 1784 2293 Cappadocia,

145 2319 381 2366 utrumque
413 2318 542 2367 plane
574 2318 740 2357 eisdem
767 2317 926 2356 ritibus
954 2317 1231 2365 institutum,
1260 2316 1336 2354 sed
1362 2315 1443 2354 hoc
1468 2316 1589 2363 prius
1616 2316 1781 2354 factum

143 2393 287 2431 fuerat
313 2393 653 2442 metropolisque
681 2403 706 2431 a
733 2392 927 2430 Ponticis
955 2390 1211 2430 habebatur.
1239 2391 1471 2429 Ponticum
1500 2390 1606 2429 illud
1630 2390 1782 2428 fanum

145 2469 455 2516 Themiscyrae
518 2469 562 2506 in
619 2468 800 2517 planitie
858 2467 1097 2516 uberrima,
1158 2477 1267 2514 quae
1315 2466 1482 2505 duobus
1529 2465 1784 2504 fluminibus

143 2544 255 2583 Iride
302 2546 346 2583 et
393 2544 718 2583 Thermodonte
765 2553 945 2591 aspersa
986 2542 1236 2590 largissime
1279 2542 1523 2580 humanum
1565 2542 1609 2579 in
1651 2551 1780 2579 usum

192 2713 218 2753 ¹)
241 2716 362 2755 Nemo,
394 2714 529 2755 opinor,
561 2714 645 2745 vitio
671 2714 756 2745 mihi
780 2717 903 2751 vertet,
927 2715 1020 2753 quod
1043 2715 1104 2744 illa
1128 2715 1242 2745 omnia
1267 2723 1357 2752 quae
1382 2713 1578 2751 Kh'igmann
1603 2714 1637 2742 in
1662 2712 1786 2742 Roseh.

147 2777 230 2806 Lex.
266 2776 308 2806 de
340 2776 573 2807 Amazonibus
605 2777 704 2806 docte
737 2777 933 2814 composuit
963 2776 1018 2805 hie
1049 2785 1115 2805 non
1146 2777 1365 2814 repetuntur.
1390 2775 1509 2805 Varios
1535 2776 1694 2804 auctores
1715 2776 1784 2802 tam

147 2837 309 2875 antiquos
343 2846 448 2875 quam
488 2839 645 2867 recentes
680 2835 731 2866 ibi
763 2836 923 2866 laudatos
955 2845 1021 2866 non
1053 2837 1182 2866 frustra
1215 2836 1299 2873 adii;
1331 2845 1414 2874 prae
1446 2835 1572 2864 ceteris
1596 2834 1705 2863 multa
1729 2842 1785 2863 me

147 2897 266 2929 docuit
299 2899 510 2935 Kltigmanni
547 2897 794 2928 commentatio
828 2899 912 2933 „Die
945 2898 1062 2927 Amaz.
1098 2896 1133 2926 in
1167 2897 1227 2927 der
1258 2898 1315 2926 alt.
1346 2897 1412 2926 Lit.
1436 2905 1468 2926 u.
1494 2895 1641 2925 Kunst.'’
1667 2895 1785 2932 Neque

148 2959 285 2996 neglexi
309 2960 404 2989 locos
429 2969 447 2989 a
471 2959 629 2998 Gruppio
654 2960 795 2994 citatos3
823 2957 1021 2997 opinionem
1047 2967 1159 2988 meam
1181 2967 1258 2988 cum
1280 2958 1426 2996 Gruppii
1447 2957 1561 2986 verbis
1574 2955 1667 2995 (pag.
1684 2956 1787 2994 1292)

147 3017 348 3058 conspirare
372 3020 520 3057 gaudeo,
