2200 3487
1796 370 1817 382 ,-

891 390 944 417 ΒΕ
979 388 1124 417 ΑΙΑΟΕ.
1804 382 1813 406 d

192 509 424 548 materiam
473 505 753 553 conquisivit.
801 504 963 543 Hausit
1009 503 1143 551 igitur
1189 511 1244 540 ex
1292 500 1501 546 Homero,
1552 507 1574 536 e
1623 494 1824 543 Cyclicis.

192 583 396 622 Fortasse
428 591 513 620 non
546 581 691 629 inepte
719 580 956 619 conieceris
983 577 1284 617 narrationem
1313 576 1364 613 de
1391 574 1522 612 Aiace
1540 581 1640 610 eum
1661 569 1826 618 petisse

192 669 214 697 e
262 657 501 705 Panyassis
553 655 785 704 Heraclea,
837 655 924 703 vel,
973 653 1086 701 quod
1133 662 1234 692 cum
1282 651 1499 689 seriorum
1548 645 1824 685 saeculorum

191 732 388 771 moribus
430 732 590 770 melius
632 731 866 770 convenire
910 730 1096 777 videtur,
1140 738 1195 767 ex
1237 725 1458 774 excerptis
1499 720 1738 770 Panyassis
1781 720 1823 757 in

191 808 430 847 enchiridio
462 807 762 855 mythologico
795 806 1047 845 asservatis.

250 884 361 922 Nam
409 885 557 922 exstat
603 883 687 922 alia
733 891 902 931 quoque
943 890 1091 929 causa,
1127 889 1203 918 cur
1234 878 1286 916 de
1319 874 1534 924 Panyassi
1566 872 1824 920 cogitemus.

189 961 380 999 Eandem
409 961 527 999 enim
556 960 727 998 fabulae
754 959 963 1007 formam,
991 967 1122 1005 quam
1151 955 1282 994 habet
1298 953 1611 998 Philostratus,
1631 947 1827 994 sequitur

192 1036 417 1084 Lycophro
461 1036 504 1073 in
538 1035 789 1073 Alexandra
822 1038 901 1079 (vs.
943 1034 1062 1082 459),
1097 1032 1170 1071 ubi
1203 1029 1414 1070 Hercules
1446 1028 1596 1066 Iovem
1629 1023 1830 1073 precibus

192 1111 481 1159 compellans,
526 1110 765 1157 Comyrum
809 1120 909 1148 eum
953 1109 1167 1147 nominat.
1213 1106 1409 1154 Κώμυρος
1452 1105 1601 1142 autem
1635 1100 1830 1149 Iuppiter

191 1185 397 1224 audiebat
438 1185 758 1234 Halicarnassi‚
793 1184 1032 1232 Panyassis
1065 1184 1108 1221 in
1141 1182 1295 1231 patria.
1328 1180 1475 1228 Neque
1501 1178 1664 1217 mirum
1698 1176 1826 1223 Lyco·

187 1261 400 1310 phronem
457 1272 682 1309 nunquam
740 1271 825 1300 non
883 1261 1107 1299 doctrinae
1161 1257 1411 1297 reconditae
1465 1252 1827 1293 amantissimum

188 1337 394 1375 fabellam
440 1337 686 1385 vulgarem,
729 1337 904 1384 qualern
939 1336 1196 1385 praeberent
1227 1332 1515 1382 posteriores,
1549 1327 1828 1378 praeteriisse

193 1414 323 1462 atque
378 1423 399 1451 e
448 1413 688 1460 Panyassis
736 1413 881 1461 potius
929 1411 1126 1458 reliquiis
1173 1411 1325 1458 utpote
1371 1409 1523 1456 poetae
1571 1402 1834 1451 antiquioris

194 1488 459 1538 sapientiam
493 1498 620 1526 suam
652 1488 870 1526 hausisse.

241 1857 331 1899 HI.
365 1856 432 1898 De
464 1855 623 1899 Aiacis
655 1852 867 1912 α’τρωσίᾳ
901 1855 1023 1910 apud
1054 1855 1309 1898 Homerum
1344 1854 1391 1895 et
1423 1851 1545 1906 apud
1575 1848 1800 1903 tragicos.

256 2016 318 2055 De
365 2017 498 2057 Aiace
545 2017 855 2056 invulnerabili
902 2017 1017 2056 facto
1063 2016 1125 2054 nil
1172 2015 1304 2054 habet
1349 2014 1583 2053 Homerus.
1629 2008 1831 2058 Quinimo

202 2092 232 2132 Ξ
257 2094 342 2131 406
369 2094 420 2131 de
447 2093 551 2132 loris
576 2104 598 2132 e
615 2094 772 2141 quibus
789 2093 1034 2142 pendebant
1051 2094 1226 2131 scutum
1246 2093 1289 2131 et
1306 2090 1477 2139 gladius
1494 2088 1683 2136 legimus
1700 2085 1829 2122 haec:

496 2169 547 2207 τώ
580 2170 649 2207 for
680 2169 913 2219 ἑρυσάσθην
947 2168 1130 2218 τέρενα
1162 2169 1270 2218 χρόα.

263 2245 485 2284 Scholium
512 2246 571 2284 ibi
598 2245 811 2285 affirmat:
849 2244 1018 2296 ,τρωτὸς
1051 2242 1093 2282 δὲ
1125 2242 1145 2283 ὁ
1178 2243 1280 2289 Αἴας
1314 2242 1406 2280 ὅλον
1438 2242 1481 2279 τὸ
1514 2246 1646 2290 σῶμα,
1676 2236 1747 2288 οὐχ
1779 2234 1831 2282 ὡς

205 2319 401 2370 Αἰσχύλος
439 2320 485 2358 τὰ
517 2319 605 2372 περὶ
637 2320 707 2370 τὴν
738 2321 986 2371 μασχάλην”.

262 2397 327 2435 Ad
375 2399 420 2435 Ψ
463 2398 546 2436 821
597 2407 699 2436 vero
741 2399 999 2436 annotatur:
1047 2394 1245 2447 ηᾶτρωτος
1286 2388 1337 2445 ἦν
1378 2392 1484 2444 πλὴν
1517 2398 1587 2430 τοῦ
1620 2389 1832 2442 αὐχένος”.

205 2471 429 2520 Sapientia
470 2475 620 2512 autem
662 2474 730 2511 est
772 2483 827 2511 ex
867 2473 962 2521 ipso
1003 2472 1196 2511 carmine
1230 2479 1459 2519 perperam
1492 2468 1696 2516 deducta,
1730 2475 1834 2505 nam

204 2547 256 2586 de
288 2547 493 2587 Diomede
524 2548 584 2586 ibi
615 2548 796 2587 dicitur:

501 2621 587 2662 αἰὲν
620 2619 675 2662 ἐπ’
712 2619 842 2674 αὐχέν’
878 2621 991 2673 ἕκυρε
1023 2628 1195 2672 φαεινοῦ
1229 2621 1374 2673 δουρὸς
1406 2619 1562 2675 ἀκωκῇ,

203 2701 329 2748 quasi
361 2702 494 2740 sciret
523 2702 652 2740 heros
681 2701 761 2740 hoc
788 2710 874 2739 uno
902 2700 996 2738 loco
1023 2700 1204 2738 Aiacem
1237 2699 1351 2737 laedi
1382 2708 1527 2746 posse.
1563 2696 1645 2735 Sed
1677 2693 1837 2733 iniuria

204 2778 443 2817 scholiasta
473 2778 663 2817 Homero
697 2778 778 2816 hoc
802 2777 1005 2824 imputat.
1035 2776 1174 2815 Versu
1202 2776 1319 2814 enim
1348 2775 1433 2813 805
1463 2772 1655 2812 Achilles
1683 2772 1837 2809 heroes

207 2854 438 2893 hastarum
471 2855 523 2893 ad
556 2855 775 2893 certamen
809 2862 1052 2900 provocans
1084 2851 1148 2890 illi
1178 2851 1423 2900 praemium
1455 2848 1676 2899 promittit

503 2927 722 2979 ὁππότερός
756 2942 797 2965 κε
831 2926 950 2980 φθήῃ
982 2924 1218 2976 ὀρεξάμενος
1250 2925 1346 2977 χρόα
1378 2924 1516 2974 καλόν,

206 3008 302 3044 tum
334 3006 567 3044 Diomedes
600 3015 699 3043 cum
733 3004 862 3042 Aiace
899 3002 1120 3050 singulare
1151 3003 1195 3041 in
1228 3003 1469 3041 certamine
1502 3000 1715 3039 dimicans

504 3077 590 3118 αἰὲν
623 3075 677 3119 ἐπ’
715 3074 844 3130 αὐχέν’
879 3075 994 3128 ἕκυρε
1028 3083 1199 3127 φαεινοῦ
1234 3076 1378 3128 δουρὸς
1411 3074 1564 3130 ἀκωκῇ,
