2200 3487
460 332 539 368 134
1152 347 1204 373 DE
1236 347 1381 374 AIACE.

451 458 684 504 praerupta
731 457 894 496 ducens
941 460 1199 508 magnisque
1247 460 1487 499 obstaculis
1534 461 1790 509 impeditum
1844 461 2082 499 viatoribus

454 531 724 579 voluptatem
759 534 1069 580 quaerentibus
1102 537 1239 574 sterni
1273 538 1404 583 atque
1436 536 1612 583 aequari
1643 536 1835 574 nondum
1871 536 2023 584 potuit.

511 606 824 646 Demonstrare
873 611 1057 647 conatus
1105 620 1204 648 sum
1248 611 1424 663 Aiaces,
1468 611 1620 658 quales
1662 611 1703 648 in
1737 611 1928 649 carmine
1960 611 2079 659 epico

452 681 758 731 depinguntur,
802 683 854 721 ab
897 684 1063 731 origine
1105 685 1241 723 fuisse
1282 695 1419 723 unum
1460 686 1658 734 Aiacem,
1697 686 1960 735 locrenscm,
1996 696 2080 724 non

452 756 694 805 hominem,
748 758 823 796 sed
872 759 1129 798 daemonem
1179 760 1393 807 quendam
1443 760 1672 808 gigantum
1720 771 1745 798 a
1790 762 1949 799 natura
1993 771 2077 799 non

452 832 714 871 absimilem.
745 833 1020 873 Coniecimus
1047 835 1162 873 hunc
1189 835 1468 884 daemonem,
1498 846 1597 874 cum
1625 836 1813 874 formam
1841 837 2080 875 humanam

450 907 664 946 induisset
705 911 748 947 et
789 910 944 948 notitia
985 910 1078 949 eius
1121 911 1173 948 ad
1215 911 1362 949 sinum
1401 911 1656 949 Saronicum
1695 911 1988 960 pervenisset,
2024 911 2081 949 ibi

450 982 614 1021 factum
659 994 755 1022 esse
798 984 979 1024 Aiacem
1023 986 1250 1035 maiorem,
1291 986 1366 1025 sed
1399 987 1510 1034 apud
1543 987 1781 1025 Locrenses
1812 986 2084 1025 remansisse

453 1057 596 1107 illum,
631 1060 720 1108 qui,
756 1070 855 1098 cum
889 1061 1026 1101 altero
1060 1064 1356 1112 comparatus,
1390 1063 1560 1101 minora
1587 1062 1639 1102 ob
1666 1063 1781 1101 facta
1797 1062 2012 1101 minorem
2031 1062 2083 1100 ob

450 1134 653 1183 gloriam,
712 1137 862 1184 utpote
918 1137 1035 1176 intra
1089 1148 1249 1186 parvae
1295 1139 1486 1186 regionis
1532 1137 1640 1177 fines
1687 1138 1941 1186 coercitam,
1990 1137 2084 1186 ipse

450 1220 617 1258 quoque
649 1211 793 1250 minor
822 1212 1068 1252 haberetur.

511 1286 626 1335 Quae
668 1287 719 1326 de
762 1288 989 1327 daemonis
1031 1289 1150 1327 cultu
1193 1290 1306 1337 apud
1345 1291 1545 1338 posteros
1583 1290 1840 1338 supererant
1871 1288 2080 1337 vestigia,

451 1362 610 1400 indicia
656 1373 824 1410 quoque
871 1364 1096 1402 nascentis
1143 1365 1237 1403 eius
1283 1365 1506 1414 dualismi,
1554 1365 1899 1412 conquisivimus
1940 1374 2079 1411 neque

450 1438 709 1477 reticuimus
742 1440 990 1487 opinionem
1023 1442 1221 1479 nostram
1255 1441 1469 1480 Teucrum
1496 1451 1665 1488 quoque
1690 1441 1868 1479 tertiam
1897 1439 2082 1488 figuram

450 1523 505 1551 ex
552 1514 683 1553 Aiace
731 1515 938 1563 primario
981 1526 1077 1554 esse
1120 1518 1266 1555 ortum
1301 1518 1344 1555 et
1375 1517 1468 1564 ipsa
1500 1516 1674 1564 quidem
1706 1516 1750 1554 in
1782 1515 1978 1564 Locride,
2011 1514 2084 1552 ubi

448 1589 849 1637 iuxtaponebantur
880 1591 1007 1630 heros
1040 1592 1286 1630 arcitenens
1318 1594 1361 1630 et
1394 1592 1521 1630 heros
1553 1592 1749 1630 hastifer.
1783 1591 1902 1630 Haec
1934 1592 2082 1629 autern

450 1666 670 1703 sententia
702 1667 750 1704 ut
782 1666 1050 1716 probaretur,
1086 1667 1137 1706 de
1164 1668 1341 1706 nomine
1369 1668 1521 1707 Teucri
1547 1678 1621 1716 per
1648 1668 1840 1716 Europae
1868 1667 2084 1713 Asiaeque

450 1741 649 1788 regiones
691 1741 888 1790 disperso
931 1743 1235 1781 disserendum
1277 1745 1383 1782 erat.
1427 1743 1590 1782 Deinde
1621 1743 1930 1791 indagavimus
1962 1742 2081 1780 Tela-

451 1816 593 1854 monis
622 1827 774 1855 veram
802 1819 1007 1856 naturam
1036 1820 1165 1866 atque
1191 1819 1399 1867 patriam,
1428 1819 1789 1867 impugnavimus
1815 1818 2081 1857 sententiam

451 1901 622 1940 eorum,
681 1894 754 1940 qui
802 1904 824 1931 e
871 1894 985 1932 scuti
1034 1894 1175 1933 balteo
1222 1895 1338 1933 hunc
1385 1895 1563 1934 heroem
1610 1894 1867 1943 provenisse
1914 1904 1990 1942 pro
2037 1903 2082 1931 re

450 1967 658 2006 haberent
690 1969 935 2018 explorata,
971 1971 1245 2018 argumentis
1281 1971 1395 2008 haud
1428 1970 1641 2009 debilibus
1675 1980 1724 2008 eo
1755 1969 1874 2008 ducti
1906 1979 2079 2016 sumus,

450 2045 498 2080 ut
554 2044 854 2083 statueremus
910 2045 1025 2083 hunc
1072 2045 1373 2095 Telamonem,
1423 2046 1549 2093 quasi
1596 2046 1784 2084 alterum
1833 2044 2078 2093 Atlantem,

451 2128 613 2156 numen
646 2119 782 2158 fuisse
815 2120 1038 2158 marinum
1072 2121 1188 2159 circa
1220 2121 1490 2160 Salaminem
1524 2121 1704 2160 cultum.

511 2194 620 2232 Tum
665 2205 766 2233 vero
808 2195 860 2234 de
903 2206 1037 2245 neXU,
1082 2207 1164 2244 quo
1207 2197 1371 2235 fuerint
1413 2196 1629 2236 coniuncti
1661 2197 1775 2235 Aiax
1807 2199 1851 2235 et
1881 2196 2077 2244 Telamo,

451 2271 639 2320 egimus,
673 2282 758 2318 qua
785 2273 1011 2311 occasione
1040 2274 1088 2311 ut
1113 2273 1164 2312 de
1192 2273 1407 2311 adiectivo
1435 2273 1688 2311 Telamonio
1715 2271 1913 2311 nonnihil
1940 2271 2080 2309 obser-

451 2357 657 2385 varemus
698 2357 879 2386 necesse
920 2348 1017 2387 fuit.
1061 2348 1254 2397 Denique
1297 2349 1348 2387 de
1391 2349 1509 2388 Oileo
1551 2359 1734 2396 quoque,
1777 2348 1827 2386 de
1861 2347 2078 2395 virginum

450 2421 711 2461 locrensium
759 2423 970 2463 sacrificio
1017 2426 1138 2473 noto,
1188 2425 1240 2462 de
1286 2425 1421 2463 variis
1467 2425 1764 2473 Lycophronis
1811 2424 2080 2470 Tzetzaeque

449 2497 574 2546 locis,
605 2499 656 2537 de
684 2499 903 2538 Minervae
931 2499 1193 2549 inimicitiis,
1223 2501 1274 2538 de
1301 2500 1498 2549 pluribus
1525 2500 1622 2538 aliis
1640 2502 1733 2538 erat
1751 2499 2079 2547 disputandum,

450 2575 498 2611 ut
541 2574 703 2612 crimen
746 2574 941 2613 levitatis
983 2575 1227 2614 vitaremus
1267 2585 1532 2622 causamque
1563 2577 1759 2614 nostram
1793 2574 2079 2613 fundamento

451 2649 778 2696 quammaxime
811 2648 935 2688 firmo
968 2650 1237 2690 fulciremus.
1273 2650 1394 2699 Quae
1425 2650 1571 2690 omnia
1604 2653 1820 2699 quatenus
1851 2660 1936 2688 non
1964 2648 2078 2687 male

451 2724 574 2762 nobis
623 2726 852 2774 cesserint,
898 2725 1091 2766 iudicent
1133 2727 1287 2776 critici,
1332 2727 1488 2774 quibus
1519 2727 1680 2765 adsunt
1711 2726 1794 2765 tria
1834 2725 1927 2773 illa,
1971 2734 2078 2772 quae

450 2799 590 2848 poscit
622 2800 845 2840 Socrates:
880 2800 1092 2852 ἐπιστήμη,
1123 2802 1346 2853 παρρησία,
1377 2801 1537 2841 sonora!
