2200 3487
470 359 522 395 22
1162 364 1215 390 DE
1247 362 1392 390 AIACE.

467 483 558 521 iure
607 493 681 530 pro
730 481 975 520 certissimo
1018 476 1370 526 interpolationis
1412 475 1613 523 exemplo
1646 475 1811 513 habuit.
1844 475 1958 514 Num
1991 475 2092 523 quid

468 558 583 596 aliud
624 557 742 596 hisce
776 555 1000 604 perpensis
1033 553 1319 592 statuendum
1355 551 1540 599 videtur,
1574 560 1706 599 quam
1739 551 1892 590 Teucri
1922 549 2092 588 νοθείαν

468 633 664 681 ignotam
691 632 825 670 fuisse
853 631 1010 679 poetis,
1039 629 1112 677 qui
1138 628 1321 666 Iliadem
1349 628 1724 675 composuerunt?
1751 627 1858 666 Tam
1877 627 2091 666 Teucrum

468 719 599 756 quam
643 708 820 746 Aiacem
863 706 999 744 filium
1043 704 1297 743 Telamonis
1335 703 1582 742 habuerunt
1619 704 1875 751 genuinum.
1912 701 2092 751 Τελαμώ-

470 798 551 829 νιος
579 784 632 821 iis
659 783 741 821 fuit
767 784 962 828 uterque.
990 780 1114 818 Unde
1142 781 1360 818 terrarum
1379 778 1702 827 provenissent,
1723 778 1969 817 accuratius
1985 777 2094 816 indi-

470 869 566 898 care
606 858 870 905 omiserunt,
912 856 1074 894 nedum
1108 856 1158 893 de
1192 856 1333 893 matre
1367 855 1601 902 quicquam
1634 854 1722 892 sint
1755 853 1978 902 prolocuti.
2013 853 2094 891 Sed

468 944 553 972 non
606 933 849 971 omiserunt
896 931 1130 970 observare
1179 931 1395 969 Teucrum
1443 930 1523 968 sub
1571 930 1718 968 Aiacis
1776 929 1913 977 clipeo
1959 929 2095 967 latere

469 1008 649 1047 solitum
697 1007 854 1055 fuisse,
903 1007 966 1044 ita
1012 1007 1061 1044 ut
1108 1006 1152 1043 hi
1201 1016 1368 1053 quoque
1417 1006 1570 1044 heroes
1612 1004 1736 1044 velut
1775 1014 1889 1042 unus
1930 1002 2098 1043 fierent.

470 1083 514 1122 E.
535 1094 573 1132 g.
612 1083 644 1120 Θ
676 1083 784 1121 267:

763 1153 850 1206 ’στῆ
884 1152 920 1194 δ’
942 1152 1003 1207 ἄρ’
1041 1153 1104 1195 ὑπ’
1143 1155 1320 1203 Αἴαντος
1354 1156 1469 1194 σάκεϊ
1500 1155 1810 1206 Τελαμωνιάδαο

472 1234 542 1272 vel

761 1307 889 1359 αὐτὰρ
922 1305 942 1346 ὃ
976 1302 1089 1354 αὖτις
1121 1307 1208 1358 idm,
1238 1308 1332 1354 πάις
1366 1306 1418 1354 ὣς
1451 1307 1530 1347 ὑπὸ
1563 1305 1697 1359 μητέρ’
1733 1307 1874 1347 ἔδυσκε

764 1383 817 1430 εἷς
852 1380 1018 1421 Αἴανθ’·
1051 1380 1071 1421 ὃ
1107 1382 1149 1421 δέ
1177 1399 1245 1433 μιν
1278 1380 1386 1422 σάκε’
1423 1382 1651 1435 ἔκρύψασκε
1685 1390 1848 1437 φαεινῷ.

528 1461 592 1498 Ex
636 1460 840 1498 omnibus
881 1460 1014 1508 igitur
1054 1459 1162 1498 locis
1204 1460 1440 1499 homericis
1482 1470 1614 1509 supra
1645 1460 1796 1499 allatis
1828 1469 1878 1498 ac
1908 1459 2022 1497 inter
2053 1468 2101 1497 se

476 1535 741 1583 comparatis
786 1536 866 1573 hoc
907 1535 1127 1583 sequitur:
1171 1535 1328 1574 Aiaces
1361 1537 1404 1574 et
1437 1536 1652 1574 Teucrum
1684 1535 1874 1574 triadem
1907 1544 2003 1573 esse
2035 1534 2098 1572 ita

472 1612 773 1659 comparatam
822 1613 869 1649 ut
915 1611 1059 1649 minor
1105 1611 1217 1650 Aiax
1266 1621 1291 1649 a
1332 1611 1497 1650 maiore
1537 1611 1705 1650 secerni
1745 1612 1931 1659 nequeat
1962 1619 2101 1657 neque

467 1686 630 1725 Teucer
663 1696 688 1725 a
718 1687 896 1725 maiore.
924 1687 1080 1726 Aiaces
1106 1687 1368 1735 praesertim
1395 1688 1519 1734 quasi
1548 1697 1602 1725 ex
1629 1697 1716 1726 uno
1742 1687 1872 1725 heroe
1888 1686 2100 1725 discretos

468 1762 645 1801 dixeris.
687 1762 832 1809 Neque
875 1764 1069 1812 tempus,
1104 1773 1187 1810 quo
1220 1763 1443 1802 coniuncti
1474 1764 1641 1812 essent,
1675 1762 1816 1801 multo
1848 1762 2099 1801 homericae

470 1837 603 1875 aetati
645 1838 955 1887 antecessisse,
990 1838 1060 1877 vel
1092 1838 1191 1877 inde
1223 1838 1477 1888 suspiceris,
1512 1839 1642 1888 quod,
1679 1849 1774 1877 cum
1809 1838 1952 1876 minor
1985 1837 2098 1876 Aiax

471 1922 693 1960 nunquam
726 1923 810 1951 non
843 1914 1073 1952 Locrensis
1104 1915 1298 1961 vocetur,
1333 1914 1474 1953 maior
1501 1914 1668 1953 duobus
1694 1913 1800 1952 locis
1826 1912 2100 1961 interpolatis

470 1988 664 2036 exceptis
722 1989 913 2027 nondum
961 1989 1006 2027 in
1054 1989 1188 2028 Iliade
1235 1989 1456 2038 propriam
1505 1989 1587 2027 sibi
1632 1989 1853 2028 invenerit
1898 1987 2100 2037 patriam.

471 2064 508 2100 A
551 2064 718 2102 minore
761 2065 943 2103 avulsus
985 2065 1159 2113 regione
1191 2065 1327 2103 natali
1360 2065 1512 2104 relicta
1545 2065 1708 2103 frustra
1740 2074 1901 2102 novam
1934 2065 2103 2111 quaerit

471 2139 633 2177 sedem.
669 2141 699 2176 Β
733 2141 814 2179 557
850 2141 979 2179 modo
1014 2143 1057 2179 et
1088 2142 1129 2177 H
1161 2141 1240 2179 197
1270 2150 1362 2188 sqq.
1391 2141 1571 2179 heroem
1598 2150 1620 2178 e
1648 2139 1868 2178 Salamine
1886 2139 2097 2187 originem

473 2213 649 2253 duxisse
696 2214 888 2254 affirmat
935 2217 1075 2264 poeta.
1124 2216 1370 2263 Utrumque
1418 2226 1520 2254 vero
1567 2225 1745 2253 versum
1788 2214 2098 2263 interpolatum

471 2298 566 2326 esse
610 2290 814 2328 certatim
858 2291 1172 2329 contenderunt
1212 2291 1352 2330 critici
1393 2293 1484 2329 tam
1527 2291 1694 2338 antiqui
1727 2300 1856 2337 quam
1889 2289 2099 2328 hodierni.

470 2363 661 2411 Primus,
709 2365 783 2412 qui
828 2367 1017 2404 testatus
1060 2368 1128 2405 est
1160 2368 1204 2403 H
1237 2367 1316 2405 197
1352 2376 1442 2414 sqq.
1477 2368 1608 2405 notos
1641 2366 1724 2405 sibi
1757 2364 1983 2414 habuisse,
2015 2364 2098 2403 fuit

471 2438 685 2478 Pindarus
718 2440 841 2478 Nem.
874 2442 915 2479 ΙΙ
951 2442 1025 2479 13;

763 2513 829 2553 καὶ
862 2514 940 2565 μὰν
974 2513 998 2553 ἁ
1030 2516 1210 2566 Σαλαμίς
1244 2531 1286 2568 γε
1317 2515 1474 2568 θρέψαι
1506 2522 1618 2566 φῶτα
1651 2514 1830 2566 μαχατὰν

884 2591 1068 2637 δυνατός.
1102 2590 1144 2630 ἐν
1181 2592 1301 2645 Τροία
1334 2589 1523 2642 newlin-

882 2681 957 2716 τωρ
992 2666 1166 2713 Αἴαντος
1199 2665 1384 2706 ἄκουσεν.

530 2739 647 2787 Quod
688 2741 739 2778 ad
775 2742 803 2777 B
837 2743 918 2780 557
955 2752 1018 2789 sq,
1052 2744 1228 2792 attinet,
1264 2754 1287 2782 e
1321 2743 1466 2782 verbis
1499 2743 1728 2782 Strabonis
1762 2743 1837 2788 (IX
1872 2744 1993 2788 394):
2031 2742 2099 2791 „oc‘

472 2811 543 2862 μὲν
583 2808 656 2852 οὖν
691 2818 895 2864 Ἀθηναῖοι
926 2817 1114 2866 τοιαύτην
1147 2833 1233 2855 τινα
1269 2818 1509 2868 σκήψασθαι
1543 2818 1765 2869 μαρτυρίαν
1795 2814 1889 2868 παρ’
1917 2814 2095 2868 Ὁμήρου

475 2889 677 2927 ὸοκοῦσιν·
711 2890 751 2927 οἱ
781 2887 822 2927 ὸὲ
858 2893 1055 2941 Μεγαρεῖς
1088 2890 1528 2949 ἀντιπαρῳδῆσαι
1559 2892 1696 2939 αὐτοῖς
1730 2893 1867 2939 οὕτως·

764 2964 865 3010 Αἴας
899 2962 933 3002 δ’
972 2964 1012 3003 ἐκ
1045 2969 1276 3017 Σαλαμῖνος
1309 2967 1404 3020 ἄγεν
1438 2967 1529 3015 νέας
1562 2967 1604 3007 ἔκ
1636 2983 1674 3007 τε
1707 2968 1907 3019 Πολίχνης

764 3038 805 3082 ἔκ
838 3037 868 3078 τ’
911 3041 1197 3094 Αἱγειρούσσης
1231 3045 1406 3097 Νισαίης
1441 3059 1478 3083 τε
1514 3044 1725 3096 Τριπόδων
1758 3045 1840 3093 τε”,
