2200 3487
420 326 500 363 108
1113 336 1165 363 DE
1199 335 1340 362 AlAcn.

414 449 593 496 aliquid·
631 446 742 486 effici
800 449 949 495 possit.
1009 447 1146 495 Quare
1203 448 1434 486 audiamus
1492 447 1729 495 epitomam
1777 445 2036 483 Vaticanam

415 523 658 571 ([Apollod].
692 522 845 569 Wagn.
880 522 957 570 VI,
996 523 1050 560 20
1083 533 1121 570 p.
1158 523 1281 566 222):

479 596 657 648 „Aonpol
699 599 813 645 (pOSt
855 597 1029 635 Troiam
1073 596 1262 645 captam)
1306 597 1415 646 μόλις
1446 595 1518 645 τὴν
1551 595 1704 634 ἑαυτῶν
1735 593 2045 643 καταλαβόντες,

414 672 497 711 ἐπεὶ
539 672 633 721 μετὰ
673 672 802 721 τρίτον
835 670 919 717 ἔτος
951 671 1023 720 τὴν
1057 671 1242 721 Λοκρίδα
1275 670 1432 721 κατέσχε
1463 670 1623 720 φθορά,
1655 668 1833 720 δέχονται
1864 667 2041 719 χρησμὸν

415 747 673 794 ἐξιλάσασθαι
704 745 776 796 τὴν
809 745 850 784 ἐν
876 744 978 801 Ἰλίῳ
1012 750 1187 796 Ἀθηνᾶν
1220 745 1285 784 καὶ
1319 747 1392 785 δύο
1420 746 1652 796 παρθένους
1679 744 1847 795 πέμπειν
1873 743 2042 790 ἱκέτιδας

415 822 477 861 ἐπὶ
519 822 622 872 χίλια
654 820 731 871 ἔτη.
764 820 830 859 καὶ
861 821 1104 872 λαγχάνουσι
1136 827 1286 871 πρῶται
1320 821 1514 871 Περίβοια
1545 820 1611 859 καὶ
1645 820 1894 870 Κλεοπάτρα.
1925 814 2043 857 αὗται

417 896 458 936 δὲ
491 897 544 943 εἰς
580 896 727 946 Τροίαν
760 894 1004 946 ἀφικόμεναι
1038 896 1278 945 διωκόμεναι
1310 895 1416 946 παρὰ
1450 902 1526 934 τῶν
1560 895 1755 947 ἐγχωρίων
1787 894 1841 941 εἰς
1868 893 1910 932 τὸ
1936 893 2044 941 ἱερὸν

417 972 678 1022 κατέρχονται·
721 971 787 1008 καὶ
824 977 870 1024 τῇ
908 969 978 1021 μὲν
1012 974 1090 1024 θεᾷ
1124 970 1172 1009 οὐ
1205 971 1497 1021 προσήρχοντο,
1528 970 1570 1008 τὸ
1605 968 1646 1008 ὁὲ
1678 969 1784 1020 ἱερὸν
1815 968 1975 1018 ἕσαιρόν
2006 981 2044 1005 τε

417 1047 482 1085 καὶ
524 1046 720 1097 ἔρραινον·
763 1044 872 1091 ἐκτὸς
906 1042 948 1083 δὲ
979 1050 1048 1083 τοῦ
1075 1043 1152 1083 νεὼ
1186 1044 1259 1083 οὐκ
1293 1043 1471 1099 ἐξῄεσαν,
1500 1043 1739 1094 κεκαρμέναι
1772 1041 1814 1081 δὲ
1844 1037 1948 1093 ἦσαν
1978 1041 2045 1079 καὶ

417 1122 676 1172 μονοχίτωνες
703 1120 768 1158 καὶ
786 1119 1045 1170 ἀνυπόδετοι,
1061 1125 1138 1158 τῶν
1157 1118 1198 1157 δὲ
1216 1120 1383 1170 πρώτων
1401 1119 1703 1158 ἀποθανουσῶν
1721 1118 1840 1165 ἄλλας
1857 1117 2046 1167 ἔπεμπόν.

416 1197 598 1251 εἰσῄεσαν
638 1195 680 1234 δὲ
713 1196 766 1242 εἰς
797 1194 868 1245 τὴν
900 1195 1017 1234 πόλιν
1050 1196 1219 1245 νύκτωρ,
1251 1195 1316 1232 ἵνα
1349 1193 1401 1244 μὴ
1434 1198 1623 1244 φανεῖσαι
1653 1200 1722 1233 τοῦ
1754 1192 1939 1244 τεμένους
1971 1191 2044 1239 ἔξω

417 1276 663 1320 φυνευθῶσι.
697 1270 897 1321 μετέπειτα
931 1268 972 1309 δὲ
1005 1269 1134 1322 βρέφη
1167 1270 1262 1320 μετὰ
1293 1277 1454 1321 τροφῶν
1486 1270 1675 1320 ἔπεμπον.
1707 1270 1841 1320 χιλίων
1873 1267 1916 1307 δὲ
1947 1267 2044 1307 ἐτῶν

417 1348 703 1397 παρελθόντων
731 1346 824 1395 μετα
851 1345 916 1384 τὸν
950 1345 1135 1384 Φωκικὸν
1162 1345 1337 1395 πόλεμον
1365 1345 1533 1391 ἱκέτιδας
1562 1344 1788 1384 ἐπαύσαντο
1815 1343 2048 1394 πέμποντες.

479 1423 674 1462 Observa
707 1423 776 1460 hic
809 1420 1073 1469 confirmari,
1109 1431 1219 1468 quae
1252 1431 1383 1470 supia
1413 1431 1434 1459 e
1460 1421 1638 1459 Timaeo
1666 1420 1906 1461 effecimus,
1933 1420 2045 1458 Nam

424 1502 466 1537 et
509 1499 578 1536 hic
621 1499 659 1536 si
700 1497 1011 1546 perpendimus
1054 1496 1185 1535 verba
1216 1502 1293 1533 τῶν
1327 1494 1369 1534 ὁὲ
1402 1497 1568 1545 πρώτων
1596 1494 1897 1533 ἀποθανουσῶν
1929 1493 2048 1540 ἄλλας

422 1573 611 1622 ἔπεμπον,
641 1583 726 1611 non
758 1582 995 1620 possumus
1021 1571 1122 1618 quin
1152 1571 1488 1610 concludamus:
1517 1582 1602 1609 non
1632 1580 1890 1618 unoquoque
1918 1580 2045 1618 anno,

421 1650 496 1687 sed
518 1650 622 1687 tunc
639 1648 832 1696 demum,
850 1647 886 1685 si
904 1647 1070 1696 priores
1094 1647 1284 1695 virgines
1301 1649 1500 1685 mortuae
1519 1649 1684 1695 essent,
1706 1646 1814 1684 alias
1832 1656 1853 1684 e
1870 1646 2049 1684 Locride

425 1734 519 1762 esse
555 1724 732 1771 missas,
767 1732 905 1769 neque
938 1722 1071 1769 igitur
1103 1731 1295 1768 unquam
1329 1721 1475 1769 plures
1503 1732 1631 1769 quam
1660 1722 1784 1759 binas
1811 1722 1853 1759 in
1882 1721 2049 1769 templo

425 1801 617 1839 affuisse.
659 1797 840 1836 Accedit
881 1798 993 1843 quod
1036 1797 1119 1835 hac
1159 1806 1328 1843 quoque
1371 1797 1413 1835 in
1452 1807 1497 1835 re
1529 1798 1723 1846 epitoma
1755 1807 1852 1835 cum
1885 1796 2051 1834 Timaei

425 1875 567 1913 verbis
594 1872 850 1912 conveniat:
873 1873 1129 1920 persecutos
1147 1872 1319 1918 quidem
1338 1882 1436 1910 esse
1455 1873 1646 1919 virgines
1662 1872 1824 1910 missas
1844 1871 2054 1909 Troianos

423 1953 468 1988 at
510 1959 595 1987 non
635 1947 924 1987 interfecisse.
968 1946 1220 1985 Cavendum
1254 1949 1402 1985 autem
1434 1947 1570 1985 fuisse
1603 1947 1779 1995 puellis,
1816 1957 1869 1985 ne
1903 1946 2052 1984 ἄσυλον

424 2025 733 2070 relinquerent,
764 2022 981 2070 siquidem
1009 2024 1198 2061 mortem
1218 2022 1458 2060 violentam
1478 2022 1667 2070 effugere
1686 2022 1863 2060 vellent.
1881 2022 2053 2059 Addun-

426 2102 496 2138 tur
542 2099 721 2137 nomina
769 2107 920 2136 earum
969 2107 1078 2144 quae
1121 2097 1287 2145 primae
1329 2098 1494 2135 missae
1535 2100 1655 2146 sunt,
1701 2107 1885 2144 quarum
1919 2097 2054 2135 altera

426 2173 635 2212 Periboea
666 2172 884 2221 appellata
919 2173 1110 2218 videtur3
1145 2172 1355 2210 nimirum
1387 2173 1544 2210 matris
1577 2172 1723 2210 Aiacis
1755 2172 1948 2210 nomine.

487 2249 535 2286 Id
581 2258 749 2294 quoque
797 2247 1002 2285 audimus
1049 2248 1225 2294 tempus
1272 2247 1428 2295 fuisse,
1478 2257 1560 2294 quo
1594 2248 1834 2285 Locrenses
1868 2246 2060 2284 infantes

429 2334 528 2361 cum
576 2323 819 2361 nutricibus
866 2322 1112 2370 mitterent,
1157 2331 1237 2359 nec
1283 2331 1369 2360 non
1409 2322 1659 2360 mirabundi
1702 2322 1908 2360 docemur
1949 2322 2062 2359 mori

427 2397 559 2436 finem
591 2398 726 2435 fuisse
759 2397 1018 2445 impositum
1046 2399 1145 2444 post
1172 2396 1332 2434 bellum
1360 2396 1621 2435 Phocaicum
1653 2399 1716 2441 (ss
1742 2397 1841 2441 350)
1869 2399 2058 2445 gestum.

430 2473 548 2521 Quod
605 2473 788 2510 minime
845 2471 1045 2519 congruit
1102 2482 1200 2509 cum
1250 2471 1476 2509 Plutarchi
1524 2471 1669 2509 verbis
1715 2481 1846 2519 supra
1892 2471 2060 2510 allatis:

433 2548 508 2598 »οὐ
543 2548 665 2594 πολὺς
698 2548 838 2599 χρόνος
871 2545 936 2596 ἀφ’
974 2543 1021 2586 οὗ
1051 2547 1202 2598 Λοκροὶ
1231 2547 1450 2597 πέμποντες
1479 2547 1533 2594 εἰς
1565 2548 1710 2598 Τροίαν
1738 2546 1964 2585 πέπαυνται
1989 2544 2058 2591 τὰς

430 2623 715 2673 παρθένους”;
758 2634 896 2670 neque
930 2624 1133 2662 convenit
1163 2633 1261 2661 cum
1296 2623 1581 2671 inscriptione
1613 2622 1818 2661 Locrensi
1850 2630 1904 2659 ex
1936 2621 2060 2658 initio

430 2698 595 2737 saeculi
636 2699 755 2736 tertii
796 2709 833 2738 a.
869 2698 910 2737 C.
946 2709 1006 2747 n.‚
1040 2699 1085 2735 in
1119 2708 1203 2745 qua
1234 2699 1285 2736 de
1318 2697 1558 2745 virginibus
1590 2697 1820 2735 mittendis
1851 2698 1900 2733 ut
1930 2696 1982 2733 de
2013 2705 2058 2734 re

430 2775 538 2813 bene
586 2778 765 2812 servata
811 2774 1081 2820 minimeque
1125 2774 1335 2821 abrogata
1378 2783 1522 2811 sermo
1564 2771 1612 2810 fit
1652 2773 1774 2816 (Anz.
1809 2771 1913 2819 phil.
1955 2771 2059 2808 hist.

433 2850 501 2888 Kl.
535 2849 676 2888 Wien.
710 2849 848 2888 Akad.
887 2850 995 2887 1897
1032 2849 1176 2887 XXVI
1208 2859 1247 2896 p.
1283 2849 1339 2893 9).

493 2926 606 2964 Fieri
647 2927 793 2973 potest
836 2934 965 2962 usum
1007 2925 1145 2962 fuisse
1188 2933 1262 2971 per
1303 2925 1478 2970 tempus
1520 2921 1692 2968 aliquod
1736 2920 2060 2966 intermissum,

435 3001 548 3050 quod
582 3000 823 3039 verisimile
855 2998 904 3038 fit
935 3000 1099 3038 scholio
1133 2999 1184 3037 ad
1218 2998 1429 3047 Lycophr.
1462 2997 1588 3036 Alex.
1626 2996 1737 3034 1159
1767 2995 1923 3034 allato:
