2200 3487
415 323 468 359 88
1109 334 1161 360 DE
1194 333 1337 361 ΑΙΑΟΕ.

472 440 530 483 3⁰.
565 447 688 493 patre
731 447 882 492 postea
924 455 1029 483 usus
1072 446 1140 483 est
1183 444 1439 492 Telamone,
1482 444 1559 482 deo
1592 443 1762 481 marino
1795 442 2043 490 regionibus

565 521 606 557 in
648 520 859 568 Lelegeiis
909 521 1130 567 venerato,
1181 521 1256 558 sed
1302 520 1452 558 habuit
1485 521 1585 557 ante
1619 518 1818 563 (O)ileum
1864 518 1913 555 de
1955 527 2038 563 quo

567 605 671 634 mox
699 596 894 643 pluribus
927 596 1145 643 agendum
1179 596 1273 633 erit.

474 667 536 709 4⁰.
571 681 679 709 avus
713 670 857 709 Aiacis
890 670 972 708 fuit
1006 670 1155 708 Orcus.

472 742 534 784 50.
568 747 756 793 statura,
785 744 944 792 indole,
975 745 1237 793 pervicacia,
1268 744 1462 791 libidine,
1495 743 1868 791 magniloquentia
1894 742 2040 790 gigan-

566 821 624 859 tis
657 822 862 859 naturam
896 818 1140 858 confitetur.

474 893 536 934 6⁰.
571 898 744 944 propter
792 897 936 934 cutem
985 895 1036 933 ab
1086 895 1288 933 omnibus
1332 895 1587 934 vulneribus
1628 896 1771 933 tutam
1813 894 1986 932 nonnisi
2018 904 2044 932 a

570 973 689 1009 terra
720 972 917 1009 remotus
952 992 1002 998 -
1038 971 1085 1008 ut
1117 970 1312 1009 Antaeus
1345 971 1387 1008 in
1420 980 1518 1009 aere
1553 991 1605 997 --
1638 970 1680 1007 in
1710 969 1822 1007 mari
1849 969 2043 1007 interimi

567 1047 738 1093 poterat
770 1046 949 1094 rupibus
983 1045 1167 1084 obrutus
1201 1045 1269 1083 vel
1303 1045 1488 1083 fulmine
1520 1045 1637 1084 Iovis
1670 1054 1917 1093 percussus.

475 1117 536 1159 7⁰.
570 1120 739 1159 interiit
809 1121 919 1168 apud
981 1120 1238 1168 Myconum,
1307 1120 1378 1158 ubi
1428 1120 1576 1158 ultimi
1633 1119 1868 1168 Gigantum
1917 1121 2043 1158 erant

567 1196 786 1244 prostrati.

473 1266 531 1308 8⁰.
566 1271 704 1309 tribus
747 1271 951 1309 manibus
994 1272 1086 1308 erat
1130 1271 1392 1319 instructus,
1433 1271 1493 1308 ita
1530 1272 1577 1309 ut
1610 1270 1799 1318 speciem
1833 1269 2045 1318 Geryonis

568 1345 794 1384 cuiusdam
827 1345 968 1383 forma
1000 1345 1229 1393 tricorpori
1260 1345 1446 1393 praediti
1478 1345 1716 1393 praeberet.

473 1418 534 1460 90.
570 1421 727 1468 anguis
770 1421 1015 1458 immensus
1058 1421 1200 1459 herois
1244 1430 1372 1459 verae
1414 1422 1595 1458 naturae
1630 1421 1672 1458 et
1703 1420 1884 1467 originis
1915 1420 2044 1458 testis

569 1506 668 1534 eum
704 1495 981 1541 sequebatur.

446 1566 534 1609 100.
570 1571 699 1608 hasta
755 1569 993 1617 praelonga
1050 1569 1354 1617 lapidibusque
1407 1580 1454 1608 se
1503 1569 1731 1608 defendere
1779 1570 1847 1609 vel
1894 1570 2045 1608 hostes

567 1655 713 1684 arcere
745 1644 927 1683 solebat.

446 1717 533 1760 110.
568 1731 670 1769 prae
713 1720 869 1759 ceteris
913 1720 1005 1759 deis
1048 1721 1290 1759 Minervam
1334 1719 1405 1770 τὴν
1445 1719 1784 1772 γιγαντολέτειραν
1818 1720 2043 1759 inimicam

567 1796 649 1834 sibi
684 1795 884 1834 habebat.

447 1869 530 1910 120.
564 1871 790 1919 Lelegeius
838 1870 949 1919 pelle
997 1871 1173 1910 leonina
1216 1894 1269 1898 —
1308 1872 1475 1910 amictu
1508 1872 1759 1919 gigantibus
1792 1872 1956 1909 usitato
1988 1893 2038 1896 —

566 1946 745 1984 indutus
778 1947 973 1994 apparet.

445 2018 528 2059 13⁰.
563 2022 605 2059 in
654 2021 830 2059 heroem
879 2021 1078 2058 mutatus
1126 2022 1169 2058 et
1218 2021 1486 2059 Salaminius
1529 2021 1673 2060 factus
1715 2021 2044 2059 immanitatem

564 2097 790 2135 efferatam
833 2096 1009 2144 abiecit,
1045 2097 1188 2134 evasit
1221 2097 1492 2134 fortissimus
1524 2097 1797 2135 Achaeorum
1831 2097 2043 2144 defensor,

564 2173 638 2211 sed
671 2172 743 2220 qui
775 2172 1002 2220 tarditate,
1038 2172 1301 2220 pervicacia,
1337 2172 1576 2220 proeliandi
1607 2182 1745 2221 more,
1781 2172 2045 2221 στρυφνότητι

563 2249 788 2295 antiquam
811 2248 1011 2295 proderet
1037 2250 1257 2285 naturam.
1290 2247 1657 2295 Magniloquentia
1685 2249 1833 2286 autem
1861 2247 2041 2285 etlasci·

565 2326 632 2362 via
673 2323 924 2372 gigantibus
967 2323 1141 2371 propria
1183 2324 1492 2361 remanserunt
1535 2323 1577 2360 in
1621 2323 1758 2361 altero
1791 2322 1935 2371 Aiace,
1970 2323 2042 2369 qui

565 2400 708 2438 solum
752 2399 897 2438 natale
931 2408 1175 2445 numquam
1218 2398 1428 2446 deseruit,
1464 2398 1547 2436 nisi
1580 2399 1629 2435 ut
1661 2397 1965 2436 Telamonium
1998 2397 2041 2434 in

560 2475 722 2513 bellum
780 2475 1002 2512 troianum
1059 2475 1327 2520 sequeretur.
1377 2474 1440 2511 Ibi
1500 2484 1601 2512 vero
1659 2473 1900 2511 Telamonii
1948 2474 2041 2510 erat

562 2549 771 2596 „umbra”
806 2548 987 2596 originis
1020 2558 1125 2586 suae
1160 2548 1268 2586 bene
1302 2558 1485 2597 memor,
1518 2549 1579 2586 ita
1611 2550 1660 2586 ut
1694 2547 1838 2584 Αἴαντε
1866 2547 2041 2595 saepius

557 2624 599 2661 in
628 2633 761 2662 unam
786 2623 1055 2670 eandemque
1085 2632 1318 2670 personam
1347 2623 1661 2672 concreverint,
1680 2622 1831 2670 quales
1853 2622 2041 2670 Neptuni

560 2698 635 2737 filii
674 2699 893 2747 Ἀκτορίωνε
943 2699 1123 2736 Μολίονε
1169 2702 1222 2743 (Λ
1268 2700 1382 2743 750).
1427 2699 1759 2738 Observandum
1802 2698 1920 2737 enim
1954 2702 2040 2745 est,

560 2775 637 2812 hos
685 2784 851 2821 quoque
901 2776 1055 2812 heroes
1103 2775 1334 2821 giganteos
1377 2775 1546 2812 marino
1591 2784 1688 2812 cum
1733 2774 1912 2811 numine
1946 2783 2038 2811 con-

562 2849 734 2886 iunctos
768 2858 878 2886 esse.

443 2921 526 2961 14⁰.
562 2923 869 2971 Philostratus,
900 2924 970 2962 ubi
1000 2925 1049 2963 de
1077 2926 1206 2963 Aiace
1234 2925 1402 2962 minore
1432 2925 1520 2971 agit
1555 2923 1670 2967 (Her.
1691 2924 1789 2967 706)
1825 2924 2042 2971 imprimis

562 3000 601 3037 in
638 3009 686 3037 eo
721 3001 846 3037 notat
879 3000 1016 3037 aciem
1047 3001 1270 3039 oculorum
1301 3000 1547 3047 ardentem,
1587 2998 1841 3046 capillorum
1870 3000 2040 3036 motum
