2200 3487
386 337 437 374 54
1080 343 1132 370 DE
1166 341 1307 369 AiAcE.

382 457 598 496 Herodoto
644 459 756 495 teste
800 456 861 504 (V,
902 454 1001 501 1223
1046 453 1138 501 VH,
1175 453 1244 497 43)
1293 452 1558 491 Teucrorum
1607 462 1629 491 e
1676 454 1805 500 gente
1854 453 2007 500 postea

381 533 442 570 illi
490 532 716 580 Gergithes
757 530 1029 578 supererant,
1074 537 1259 575 quorum
1302 527 1455 565 urbem
1497 527 1540 565 in
1583 527 1748 566 Troade
1782 527 2003 566 conditam

380 607 577 646 nominat
617 607 858 654 Xenophon
901 604 1110 643 Hellenic.
1155 603 1235 650 ΠΙ,
1281 605 1321 651 1,
1361 604 1427 642 15.
1463 603 1690 642 Strabonis
1724 613 1825 641 vero
1859 603 2002 641 aetate

382 682 439 720 nil
488 683 571 720 nisi
618 681 804 728 regionis
848 690 1007 718 nomen
1052 678 1326 726 Gergithium
1370 678 1589 716 exstabat.
1633 678 1860 716 Invenitur
1892 677 2007 715 idem

383 766 541 795 nomen
583 755 854 803 Gergithium
888 754 999 807 apud
1032 752 1227 802 Caicum,
1263 752 1430 802 Cumis,
1465 753 1617 802 Mileti,
1652 752 1725 790 ubi
1757 752 1878 800 plebs
1911 751 2006 790 sub-

382 832 494 870 iecta
526 831 716 879 priscum
750 829 956 868 servabat
987 838 1171 867 nomen:

445 912 547 955 »τῶν
576 905 771 954 δημοτῶν,
800 901 868 949 οὓς
897 902 1040 941 ἐκεῖνοι
1059 901 1258 954 Γέργιθας
1278 901 1524 953 ἐκάλουν,οἵ
1537 902 1723 941 πλούσιοι
1741 901 2008 953 κρατήσαντες

382 980 558 1026 ἅπαντας
586 974 640 1018 ὧν
664 979 796 1029 κύριοι
824 977 1064 1028 κατέστησαν
1093 976 1187 1028 μετὰ
1213 983 1289 1016 τῶν
1317 976 1465 1016 τέκνων
1493 977 1814 1016 κατεπίττωσαν”
1834 977 2007 1022 (Athen.

382 1056 482 1104 ΧΠ,
519 1057 542 1094 5
576 1066 614 1104 p.
650 1051 767 1105 524).

439 1132 597 1170 Eorum
630 1130 801 1178 cognati
833 1131 955 1168 erant
988 1129 1181 1178 Gergini,
1218 1139 1327 1176 quae
1353 1139 1461 1177 gens
1490 1130 1635 1167 aetate
1662 1128 1868 1167 historica
1895 1129 2005 1167 inco—

381 1207 496 1246 lebat
551 1206 762 1254 Cyprum3
812 1205 924 1243 unde
973 1204 1115 1243 effecit
1162 1205 1451 1243 Kretschmer
1499 1203 1727 1252 Gergithes
1774 1203 2006 1251 aliquando

380 1283 640 1320 Teucrorum
689 1280 768 1318 sub
816 1279 1021 1327 auspiciis
1064 1279 1203 1328 Cypro
1245 1279 1463 1328 profectos
1505 1289 1626 1318 oram
1670 1280 1799 1317 Asiae
1833 1280 2010 1319 Minoris

381 1357 653 1395 maritimam
680 1355 875 1403 legentes
900 1355 944 1392 in
972 1354 1185 1393 Troadem
1213 1355 1399 1393 venisse.
1428 1355 1540 1393 Item
1564 1354 1723 1393 Athen.
1743 1354 1818 1405 VI7
1848 1356 1931 1394 256
1952 1356 2005 1393 B:

442 1430 648 1483 »λέγουσιν
678 1429 735 1468 ὅτι
762 1435 839 1468 τῶν
866 1429 1066 1480 Γεργίνων
1096 1444 1151 1475 τις
1180 1428 1245 1467 διὰ
1272 1435 1339 1480 τῆς
1369 1429 1565 1481 παραλίας
1595 1426 1673 1479 μετ’
1697 1427 1839 1481 ὀλίγων
1858 1430 2007 1477 στείλας

379 1506 441 1545 ἐπὶ
484 1512 550 1555 τῆς
595 1505 783 1551 Αἰολίδος
826 1503 924 1543 κατὰ
967 1504 1110 1543 πύστιν
1153 1504 1233 1555 ἅμα
1275 1503 1343 1543 καὶ
1376 1503 1557 1555 οἰκισμὸν
1590 1510 1658 1555 τῆς
1687 1511 1765 1542 τῶν
1798 1505 2009 1557 προγόνων

379 1583 527 1633 χώρας,
558 1581 674 1619 πόλιν
708 1581 867 1619 οἰκίσειε
901 1579 987 1632 περὶ
1016 1579 1088 1630 τὴν
1120 1579 1301 1632 Τρωικὴν
1320 1579 1442 1631 Ἴδην.
1470 1581 1613 1620 τούτου
1641 1587 1710 1620 τοῦ
1739 1580 1880 1620 στόλου
1908 1581 2009 1628 τινές

380 1655 708 1702 ἀποσπασθέντες
743 1654 783 1694 ἓν
816 1662 862 1710 τῇ
895 1656 1060 1710 Κυμαίᾳ
1101 1654 1305 1707 κατέσχον,
1347 1655 1387 1694 ἐκ
1434 1656 1600 1707 Κύπρου
1637 1655 1678 1694 τὸ
1711 1655 1826 1708 γένος
1861 1655 2010 1703 ὄντες”·

380 1734 537 1773 Narrat
582 1734 810 1782 praeterea
853 1733 1006 1771 Strabo
1050 1733 1164 1778 (XIV
1197 1733 1295 1777 672)
1341 1733 1593 1772 sacerdotes
1635 1733 1771 1772 diales
1804 1732 1936 1771 Olbae
1969 1733 2011 1771 in

379 1810 483 1848 urbe
527 1808 699 1847 Ciliciae
740 1818 900 1847 nomen
943 1808 1135 1856 gessisse
1179 1808 1469 1856 Teucrorum3
1511 1808 1727 1856 templum
1771 1808 1829 1846 ibi
1861 1807 2008 1858 ἵδρυμα

381 1880 480 1922 εἶναι
525 1883 695 1929 Αἴαντος
738 1889 807 1921 τοῦ
853 1883 1043 1930 Τεύκρου.
1087 1884 1276 1922 Piratico
1320 1883 1432 1922 bello
1466 1882 1608 1932 finito,
1645 1894 1742 1922 cum
1776 1883 2010 1932 Pompeius

381 1960 544 2007 piratas
591 1960 634 1997 in
681 1960 856 2007 regione
897 1964 964 2009 τῆς
1010 1959 1189 2005 Κιλικίας
1235 1959 1423 2010 Τραχείας
1462 1959 1738 2007 collocasset,
1773 1959 2010 1998 vocabatur

381 2035 456 2073 illa
501 2036 618 2083 regio
661 2032 684 2084 ἡ
727 2040 796 2073 τοῦ
843 2035 1020 2086 Τεύκρου
1065 2035 1278 2073 δυναστεία
1321 2033 1386 2073 καὶ
1422 2034 1631 2085 ἱερωσύνη.
1665 2035 1799 2073 Addit
1831 2034 2008 2074 Strabo:

385 2108 474 2159 „nai
502 2110 542 2147 οἱ
564 2110 737 2148 πλεῖστοί
766 2125 807 2161 γε
839 2117 915 2148 τῶν
948 2109 1240 2161 ἵερευσαμένων
1269 2109 1520 2159 ὠνομάζοντο
1553 2112 1719 2160 Τεῦκροι
1746 2107 1770 2159 ὴ
1801 2109 2009 2156 Αἴαντες”.

441 2186 691 2224 Sacerdotes
746 2186 878 2234 igitur
925 2186 1041 2225 Iovis
1089 2186 1233 2225 Ciiicis
1280 2186 1436 2234 templi
1483 2186 1730 2234 perantiqui
1776 2185 2012 2224 audiebant

379 2261 566 2299 invicem
594 2262 748 2300 Aiaces
775 2264 818 2300 et
845 2262 1009 2300 Teucri.
1038 2261 1162 2300 Unde
1189 2262 1370 2300 coniecit
1388 2261 1674 2300 Kretschmer
1691 2261 1806 2306 (ibid.
1825 2271 1864 2310 p.
1884 2257 2008 2305 3982)

381 2336 568 2374 Teucros
601 2346 622 2374 e
656 2336 803 2376 Cilicia
835 2338 1045 2376 Tracheia
1077 2339 1197 2377 ortos
1229 2338 1460 2386 aliquando
1488 2338 1717 2376 traiecisse
1745 2337 1949 2386 Cyprum.

440 2411 625 2449 Exstant
658 2414 806 2450 autem
839 2413 922 2451 duo
956 2413 1043 2451 alia
1074 2413 1335 2451 testimonia
1368 2414 1563 2462 antiqua,
1599 2423 1784 2460 quorum
1819 2413 2008 2451 alterum

379 2486 577 2532 perhibet
609 2487 794 2526 Teucros
826 2489 998 2527 venisse
1031 2499 1052 2527 e
1081 2488 1224 2537 Creta,
1259 2489 1448 2527 alterum
1481 2489 1685 2528 oriundos
1719 2499 1792 2527 eos
1825 2499 1920 2527 esse
1954 2498 2008 2527 ex

381 2561 538 2599 Attica.
573 2562 697 2601 Prius
730 2563 847 2602 hisce
881 2564 1025 2602 verbis
1059 2566 1320 2613 conceptum
1355 2566 1443 2603 est:

445 2667 460 2684 ,‚
475 2638 562 2682 Τοῖς
605 2636 678 2688 γὰρ
723 2637 762 2676 ἐκ
795 2645 861 2688 τῆς
896 2639 1054 2690 Κρήτης
1087 2638 1321 2691 ἀφιγμένοις
1364 2639 1571 2690 Τεύκροις,
1603 2637 1672 2684 οὓς
1704 2644 1857 2689 πρῶτος
1889 2637 2006 2689 παρέ-

382 2712 481 2749 δωκε
520 2714 712 2759 Καλλῖνος
748 2712 766 2751 ὁ
800 2720 866 2764 τῆς
900 2713 1065 2766 ἐλεγείας
1100 2714 1265 2765 ποιητὴς
1299 2713 1587 2766 ἠκολούθησαν
1615 2711 1657 2752 δὲ
1681 2713 1822 2753 πολλοί
1846 2729 1879 2752 κ.
1898 2729 1928 2752 τ.
1945 2716 2007 2752 λ”.

381 2787 700 2827 Testimonium
748 2790 880 2837 igitur
923 2794 990 2829 est
1033 2802 1053 2829 e
1096 2793 1218 2839 parte
1261 2791 1404 2840 priore
1436 2790 1598 2830 saeculi
1630 2790 1827 2839 septimi,
1861 2792 2009 2829 auctor

382 2865 509 2910 poeta
542 2862 770 2911 Ephesius.

441 2939 640 2977 Alterum
674 2940 978 2978 testimonium
1011 2943 1077 2979 est
1108 2943 1208 2981 hoc:

446 3012 580 3061 ,,ἅλλοι
623 3011 664 3051 δὲ
707 3012 747 3051 ἐκ
792 3020 858 3064 τῆς
905 3018 1071 3065 Ἀττικῆς
1104 3015 1279 3067 ἀφῖχθαί
1310 3031 1397 3053 τινα
1435 3014 1609 3065 Τεῦκρόν
1644 3025 1769 3063 φασιν
1802 3012 1841 3052 ἐκ
1876 3013 2006 3063 δήμου
