2200 3487
379 322 431 360 92
1070 335 1123 362 DE
1157 335 1302 363 AIACE.

850 447 1091 497 παννυχίζει,
1121 445 1266 498 αἰθέρα
1294 463 1377 485 κνι-

852 528 963 559 σᾶντι
995 522 1220 568 λακτίζοισα
1251 530 1390 576 καπνῷ

374 596 615 634 scholiasta
649 598 853 635 annotat:
891 596 1032 646 »τοῦτό
1067 608 1191 647 φησιν
1230 595 1281 643 ὡς
1323 596 1413 648 περὶ
1445 597 1517 646 τὴν
1551 596 1721 649 ἑσπέραν
1755 595 2003 647 τελουμένων

375 676 452 708 τῶν
485 670 664 720 νομίμων
696 674 775 716 τοῖς
809 671 1045 721 Άλκαΐδαις,
1077 668 1124 709 δι’
1161 671 1254 722 ὅλης
1287 666 1360 710 οὖν
1394 683 1493 722 φησι
1526 671 1667 718 νυκτὸς
1700 671 1772 722 τὴν
1799 671 2002 723 πυρκαϊὰν

376 744 508 794 με’νειν
553 744 682 797 μέχρις
723 744 918 796 ἀνατολῆς
961 744 1086 796 ἡλίου.
1131 746 1253 793 ἔθος
1297 747 1427 798 πρὸς
1461 747 1663 797 δυσμὰς
1696 748 2001 799 ἱερουργεῖν

375 824 480 867 τοῖς
514 820 674 871 ἥρωσι
706 820 835 859 κατὰ
868 821 954 868 τὰς
987 821 1249 868 ἀνατολὰς
1283 825 1392 868 τοῖς
1425 824 1616 868 θεοῖς”.

436 896 674 935 Confirmat
704 898 811 935 haec
843 897 979 935 schol.
1012 897 1152 945 Apoll.
1186 897 1487 938 Rhod.1587:
1525 900 1631 946 „wig
1665 895 1734 946 μὲν
1769 891 1843 935 οὖν
1875 912 2004 935 κατοι-

376 970 553 1021 χομένοις
596 969 647 1017 ὡς
688 970 775 1022 περὶ
818 968 931 1020 ἡλίου
976 970 1126 1021 δυσμὰς
1173 970 1435 1023 ἐναγίζουσιν,
1466 974 1545 1018 τοῖς
1580 969 1622 1009 δὲ
1656 971 1890 1022 οὐρανίδαις
1923 970 2002 1010 ὑπὸ

374 1045 444 1095 τὴν
488 1044 536 1084 ἕω
579 1044 860 1092 ἀνατέλλοντος
901 1052 970 1085 τοῦ
1012 1044 1170 1096 ἡλίου”.
1204 1048 1269 1092 (de
1302 1045 1619 1098 κατοιχομένοις-ζ
1651 1048 1858 1096 mortuis,
1893 1058 2000 1094 quos

375 1122 666 1160 Philostratus
698 1124 826 1161 vocat
859 1121 1038 1171 ἀφανεῖς,
1076 1123 1171 1161 vide
1204 1123 1429 1162 Demosth.
1464 1124 1533 1172 43,
1555 1124 1638 1167 67).

434 1196 672 1236 Confirmat
709 1208 876 1245 quoque
918 1198 1157 1237 Pausanias
1201 1199 1442 1247 (Π,11,7);
1485 1205 1561 1252 „rep
1590 1195 1662 1247 μὲν
1698 1197 1917 1248 Ἀλεξάνορι
1950 1195 2002 1243 ὡς

375 1271 473 1321 ἥρωι
506 1271 599 1321 μετὰ
632 1272 746 1322 ἥλιον
776 1272 951 1311 δύνοντα
974 1271 1224 1324 ἐναγίζουσιν
1250 1273 1501 1324 Εὐαμερίωνι
1530 1271 1571 1311 δὲ
1599 1271 1650 1318 ὡς
1678 1276 1760 1326 θεῷ
1785 1273 2003 1311 θύουσιν”.

435 1347 557 1385 Aiaci
606 1358 706 1386 vero
754 1357 893 1395 neque
938 1350 986 1387 ut
1034 1350 1238 1389 heroibus
1286 1350 1458 1399 vesperi
1505 1360 1643 1397 neque
1690 1350 1737 1388 ut
1778 1349 1870 1387 deis
1912 1349 2002 1387 sole

377 1423 542 1461 oriente
590 1422 928 1472 sacrificabatur,
977 1425 1051 1463 sed
1093 1425 1220 1473 paulo
1263 1427 1364 1464 ante
1407 1427 1553 1464 ortum
1586 1425 1693 1463 solis
1730 1422 1856 1469 (οὔπω
1889 1421 2002 1473 ἡλίου

381 1497 610 1548 ἀνίσχοντος
643 1497 744 1547 αὐτή
778 1513 815 1536 τε
848 1498 1096 1550 κατεφλέχθη
1130 1499 1194 1538 καὶ
1223 1498 1350 1539 ὁπόσα
1378 1507 1429 1554 τῷ
1459 1500 1602 1538 Αἴαντι
1628 1499 1796 1550 ἔφερεν).
1816 1500 2002 1539 Aliudne

377 1575 508 1622 igitur
541 1574 702 1620 aliquid
735 1574 814 1613 fuit
848 1575 992 1613 Aiax?
1024 1576 1109 1624 Ita,
1147 1578 1194 1614 ut
1226 1577 1365 1624 eapite
1393 1573 1513 1614 XIV⁰
1529 1576 1832 1614 demonstrare
1860 1575 2005 1614 conati

378 1660 556 1697 sumus;
600 1659 708 1696 quae
741 1650 884 1698 opinio
918 1661 1031 1689 novo
1064 1661 1180 1689 nune
1211 1652 1367 1690 indicio
1400 1651 1658 1690 defenditur.
1691 1651 1799 1689 Nam
1835 1661 1920 1690 non
1953 1651 2005 1689 ad

380 1725 502 1770 θεούς
535 1725 609 1763 sed
643 1726 695 1763 ad
728 1725 772 1762 τὰ
806 1725 994 1775 δαιμόνια
1031 1727 1144 1765 Aiax
1176 1727 1229 1765 ab
1263 1727 1427 1775 origine
1454 1727 1661 1776 pertinet3
1691 1727 1743 1765 ad
1771 1726 2006 1765 daemones

378 1801 493 1850 illos,
527 1802 601 1847 qui
626 1801 835 1849 imagine,
864 1801 1006 1850 factis,
1030 1803 1122 1840 tota
1151 1812 1231 1840 sua
1255 1803 1363 1851 vita,
1395 1802 1648 1850 exprimunt
1676 1804 1861 1840 naturae
1889 1802 2004 1840 vires

378 1877 634 1925 indomitas,
669 1876 890 1925 efferatas,
921 1878 1050 1915 certis
1084 1887 1108 1915 a
1139 1877 1305 1925 legibus
1339 1877 1638 1917 abhorrentes.

441 1952 626 1999 ‚‚Iisne”,
644 1961 785 1999 rogas,
809 1951 1048 2000 „sacrificia
1064 1951 1285 1991 fiebant''‘?
1304 1953 1391 1991 Ita!
1413 1953 1614 1991 dabimus
1627 1952 1876 2000 exemplum
1891 1951 2003 1989 lucu·

378 2028 559 2066 lentum.
594 2027 751 2065 Narrat
782 2027 1022 2066 Pausanias
1056 2027 1171 2076 VIII,
1207 2029 1284 2066 29:
1328 2027 1402 2076 „01³1
1445 2028 1580 2079 πόρρω
1621 2028 1737 2070 <τοῦ
1771 2026 1997 2075 Ἀλφειοῦ>

384 2102 518 2148 Βάθος
560 2100 663 2139 ἐστὶν
706 2099 1012 2152 ὀνομαζόμενον.
1056 2103 1192 2154 πηγή
1224 2117 1262 2141 τε
1299 2103 1446 2142 αὐτόθι
1479 2102 1583 2141 ἐστὶν
1612 2099 1830 2152 Ὀλυμπιὰς
1864 2103 2007 2139 καλου-

382 2176 480 2228 μένη
513 2176 579 2215 καὶ
612 2178 780 2227 πλησίον
813 2183 879 2228 τῆς
912 2183 1041 2229 πηγῆς
1074 2184 1153 2230 πῦρ
1186 2177 1324 2217 ἄνεισι.
1360 2177 1535 2230 Λέγουσι
1569 2176 1610 2216 δὲ
1643 2178 1684 2216 οἱ
1708 2177 1888 2228 Ἀρκάδες
1916 2175 2008 2225 τὴν

384 2251 674 2303 λεγομένην
723 2254 994 2305 Γιγάντων
1043 2254 1210 2305 μάχην
1252 2254 1317 2293 καὶ
1360 2258 1468 2293 θεῶν
1511 2252 1690 2292 ἐνταῦθα
1721 2250 1910 2304 γενέσθαι
1942 2249 2010 2288 καὶ

384 2329 615 2367 θύουσιν
686 2328 980 2379 ἀστραπαῖς
1052 2329 1246 2368 αὐτόθι
1320 2328 1405 2367 καὶ
1476 2327 1731 2374 θυέλλαις
1804 2341 1850 2365 τε
1923 2324 2007 2364 καὶ

386 2405 680 2454 βρονταῖς”.

443 2478 558 2526 Quae
592 2489 691 2517 vero
725 2480 1022 2518 Philostratus
1050 2481 1199 2518 narrat
1225 2481 1275 2518 de
1305 2480 1450 2518 Aiacis
1479 2479 1671 2528 eorporis
1689 2477 2011 2526 magnitudine:

389 2554 698 2603 ,,διαφθαρῆναί
737 2568 829 2592 ποτε
870 2554 911 2592 τὸ
954 2560 1023 2593 τοῦ
1069 2554 1240 2600 Αἴαντος
1284 2560 1389 2604 σῆμα
1432 2553 1510 2592 ὑπὸ
1555 2559 1622 2603 τῆς
1654 2552 1873 2602 θαλάττης,
1915 2549 2008 2589 ὀστᾶ

384 2625 418 2665 δ’
466 2627 506 2666 ἐν
548 2628 652 2682 αὐτῷ
702 2636 882 2679 φανῆναι
924 2627 1014 2668 καθ’
1062 2629 1336 2680 ἕνδεκάπηχυν
1371 2628 1622 2679 ἅνθρωπον”
1656 2628 1843 2673 (Heroic.
1879 2628 1916 2674 2,
1953 2628 2006 2675 3),

385 2705 536 2743 eadem
580 2706 630 2743 de
669 2705 765 2743 aliis
807 2708 1042 2744 narrantur
1085 2707 1128 2744 et
1164 2706 1214 2744 de
1258 2705 1536 2753 GigantibuS‚
1570 2706 1674 2752 puta
1707 2703 1817 2751 apud
1851 2703 2008 2740 Pausa-

385 2780 504 2818 niam
537 2780 768 2829 (V111,29).
799 2780 906 2819 Cum
940 2782 1069 2819 Aiace
1102 2782 1252 2819 nostro
1281 2782 1378 2828 apte
1408 2779 1647 2828 comparari
1678 2780 1880 2826 possunt,
1902 2787 2009 2824 quae

384 2857 434 2894 de
468 2856 651 2905 Gigante
694 2856 891 2904 Ephialte
926 2857 1171 2895 narrantur.
1217 2856 1359 2894 Habet
1391 2856 1434 2893 in
1469 2854 1829 2902 Gigantomaohia
1863 2853 2009 2891 adver-

383 2933 548 2971 sarium
597 2932 846 2980 Apollinem
881 2932 1124 2979 i[Apollod.]
1161 2933 1190 2980 I,
1228 2933 1265 2979 6,
1302 2932 1340 2979 2,
1378 2932 1431 2973 2).
1484 2931 1600 2968 Idem
1652 2931 1800 2967 autem
1850 2937 2006 2966 nomen

387 3008 498 3056 gerit
532 3008 641 3046 alter
673 3007 985 3054 Aloeadarum,
