2141 3487
800 324 851 351 DF:
884 322 1029 351 AIACE.
1669 309 1724 346 69

92 440 278 489 Calypso
311 439 505 479 Atlantis
537 438 626 478 fllia
658 436 904 488 ὀλοόφρονος
937 434 1130 474 habitat:

270 514 378 568 νήσῳ
412 512 453 552 ἕν
486 512 711 567 ἀμφιρύτῃ,
743 512 812 551 ὅθι
844 508 871 550 τ’
908 508 1088 561 ὀμφαλός
1121 507 1200 546 ἐστι
1230 507 1458 556 θαλάσσης,

90 591 210 629 locus
236 590 303 628 dei
335 590 497 628 marini
527 589 618 628 filia
650 589 819 637 dignus.

149 665 274 703 Hanc
319 664 514 704 Atlantis
560 667 788 713 naturam,
833 672 963 710 quam
1008 660 1294 709 perspexerat
1335 657 1511 706 Preller,
1545 658 1726 705 agnovit

91 749 258 787 quoque
292 740 451 788 Berger
492 740 754 788 (Mythische
791 736 1132 786 Cosmographie
1165 735 1240 773 der
1272 733 1483 772 Griechen
1517 743 1556 781 p.
1591 733 1630 777 7)
1663 733 1726 771 sic

86 815 395 854 ratiocinatus:
440 817 506 864 „in
541 816 640 855 echt
673 814 948 864 mythischer
980 808 1600 858 Zusammenhangslosigkeit
1636 818 1724 846 ver-

89 890 176 929 lieh
218 900 321 930 man
364 892 455 930 ihm
489 892 555 930 die
589 891 761 931 Gewalt
793 891 874 929 den
907 888 1121 937 Himmel‚
1156 887 1230 926 der
1258 886 1304 934 ja
1336 885 1412 924 auf
1442 885 1541 924 dem
1574 884 1724 922 fernen

92 966 232 1005 Meere
265 977 317 1006 zu
350 967 488 1006 ruhen
520 968 707 1016 scheint,
743 977 796 1005 zu
829 968 1000 1014 tragen‚
1035 963 1123 1002 und
1150 973 1254 1001 man
1282 961 1417 1000 malte
1446 960 1513 999 die
1531 960 1727 1007 tremende

92 1042 260 1081 Gewalt
305 1043 456 1081 weiter
496 1052 593 1091 aus,
635 1042 781 1081 indem
818 1051 921 1080 man
953 1040 1017 1079 sie
1049 1038 1167 1078 wohl
1202 1037 1286 1076 mit
1319 1036 1478 1097 Saulen
1511 1034 1725 1083 verglich‚

91 1119 158 1157 die
191 1118 259 1157 ein
290 1117 409 1156 Dach
441 1118 639 1165 tragen”.

148 1193 344 1232 Atlantis
378 1203 480 1232 vera
511 1195 669 1232 natura
703 1192 946 1231 constituta
978 1190 1255 1230 revertamur
1287 1187 1339 1226 ad
1372 1187 1671 1226 Telamonem.

151 1269 323 1308 Scimus
371 1269 611 1308 Hesionam
661 1267 915 1307 Telamonis
961 1266 1099 1305 fuisse
1141 1274 1343 1312 uxorem,
1379 1273 1462 1311 qua
1494 1273 1550 1301 ex
1582 1262 1732 1311 genuit

93 1344 323 1384 Teucrum.
372 1343 475 1393 Quis
522 1344 658 1393 igitur
704 1354 790 1383 non
838 1341 1129 1381 mirabundus
1176 1339 1298 1378 audit
1345 1338 1633 1377 scholiastam
1680 1338 1733 1375 ad

94 1420 238 1468 Eurip.
281 1419 441 1460 Phoen.
486 1430 549 1458 vs.
592 1420 700 1459 1129
734 1418 1064 1467 perhibentem:
1109 1415 1349 1455 Hesionam
1382 1414 1565 1452 Atlantis
1596 1413 1732 1452 fuisse

94 1496 312 1534 uxorem?
358 1495 550 1534 Hesione
597 1495 749 1543 igitur,
799 1493 960 1533 Oceani
1000 1492 1108 1540 filia,
1153 1501 1315 1530 numen
1358 1491 1598 1539 marinum,
1640 1491 1732 1528 tam

96 1571 266 1610 Atlanti
308 1570 388 1609 deo
431 1571 601 1609 marino
644 1580 777 1618 quam
819 1569 1066 1612 Telamoni,
1100 1567 1289 1615 Neptuni
1332 1565 1440 1615 filio,
1485 1576 1595 1604 uxor
1637 1565 1732 1604 fuit.

98 1646 264 1684 Mireris
295 1646 339 1684 ni
372 1645 550 1684 Telamo
582 1646 675 1694 ipse
708 1655 872 1684 numen
905 1644 1040 1683 fuerIt
1073 1643 1309 1681 marinum.

151 1721 280 1760 Teste
327 1721 530 1760 Vitruvio
577 1721 795 1769 imagines
842 1720 962 1768 illas,
1012 1729 1121 1766 quae
1170 1718 1222 1757 ab
1280 1718 1535 1756 architectis
1588 1717 1734 1756 vocari

96 1797 239 1836 solent
268 1796 488 1846 Atlantes,
519 1796 708 1835 Romani
737 1795 1016 1845 appellabant
1032 1794 1295 1833 Telamones
1313 1793 1387 1838 (De
1406 1793 1536 1832 Arch.
1557 1794 1596 1842 6,
1619 1793 1657 1841 7,
1679 1794 1733 1837 6).

154 1872 438 1911 Telamonem
487 1872 617 1921 vulgo
654 1872 852 1910 habitum
885 1871 1017 1910 Aeaci
1049 1869 1339 1916 Endeidisque
1371 1868 1509 1907 filium
1544 1868 1679 1906 Attici
1712 1878 1734 1906 e

96 1948 256 1987 Glauce
283 1948 435 1986 Actaei
461 1947 550 1986 filia
585 1949 741 1986 natum
774 1946 971 1985 ferebant
1003 1945 1253 1993 (Pherecyd.
1287 1955 1352 1993 ap.
1389 1944 1618 1992 [Apollod.]
1654 1944 1729 1991 HI,

101 2025 167 2072 12,
196 2026 249 2068 6).
291 2023 412 2062 Uxor
443 2033 612 2071 quoque
644 2023 896 2061 Telamonis
928 2021 1131 2060 audiebat
1173 2020 1336 2059 Glauce
1369 2020 1504 2065 (Diod.
1539 2019 1609 2069 IV,
1646 2021 1729 2068 72),

98 2109 230 2147 quam
271 2099 323 2138 ob
366 2109 545 2138 causam
588 2098 766 2137 Telamo
800 2108 900 2137 cum
934 2097 1096 2136 Glauco
1130 2096 1315 2135 conferri
1348 2098 1514 2144 potest,
1548 2096 1627 2134 deo
1659 2095 1732 2134 illo

101 2174 287 2223 marino,
321 2174 395 2221 qui
426 2174 685 2212 Anthedone
712 2175 843 2212 natus
872 2173 929 2217 (in
957 2173 1062 2210 urbe
1090 2172 1224 2220 igitur
1250 2172 1367 2210 arcte
1394 2181 1493 2209 cum
1516 2171 1734 2209 Troezene

99 2249 343 2294 coniuncta)
391 2249 529 2287 vitam
573 2248 758 2288 debebat
800 2249 913 2297 patri
955 2247 1205 2286 Anthedoni
1247 2247 1466 2294 matrique
1497 2246 1733 2294 Alcyonae.

101 2325 381 2364 Meminimus
427 2325 599 2363 Anthae
644 2324 950 2372 Alcyonaeque
990 2324 1170 2362 nomina
1217 2323 1262 2360 in
1304 2322 1581 2361 sacerdotum
1625 2323 1735 2360 serie

100 2400 477 2439 Halicarnassensi
540 2400 733 2448 reperiri.
793 2399 903 2448 Quin
951 2399 1087 2438 etiam
1135 2398 1314 2437 Telamo
1356 2398 1482 2436 iuxta
1525 2397 1735 2436 Glaucam

99 2476 209 2515 alter
242 2476 431 2514 Glaucus
464 2475 649 2514 videtur.
699 2475 918 2514 Observas
961 2485 1040 2513 nos
1080 2475 1248 2513 versari
1291 2474 1406 2512 circa
1438 2473 1661 2512 Isthmum
1694 2475 1738 2511 et

101 2551 304 2590 Boeotiae
336 2554 506 2599 partem
538 2551 813 2589 orientalem.

161 2627 210 2665 In
257 2627 404 2675 Euripi
451 2627 544 2674 ripa
591 2626 774 2664 sinistra
815 2635 947 2674 prope
989 2625 1142 2664 urbem
1184 2626 1492 2664 Anthedonem
1525 2625 1639 2663 situs
1673 2626 1740 2663 est

105 2712 230 2741 mons
272 2701 516 2750 Messapius
558 2701 748 2749 Neptuni
790 2701 910 2739 cultu
943 2700 1269 2740 celeberrimus.
1303 2701 1430 2739 Hunc
1464 2701 1632 2739 cultum
1664 2701 1739 2738 Lo-

104 2787 279 2816 crenses
310 2777 352 2815 in
387 2777 563 2816 Italiam
596 2777 920 2815 transtulerunt
946 2777 1264 2826 Metapontum,
1295 2778 1408 2816 sicut
1435 2777 1742 2815 Chalcidenses

106 2851 222 2890 aliud
265 2861 424 2890 nomen
467 2851 667 2890 eiusdem
708 2851 776 2889 dei
818 2850 1034 2901 Κάλαυρον
1067 2851 1119 2889 ob
1153 2853 1311 2890 ventos
1344 2852 1561 2891 secundos
1594 2852 1740 2890 datam

105 2936 128 2965 e
161 2928 336 2975 regione
369 2927 706 2966 Troezeniorum
739 2928 1083 2966 transvexerunt
1115 2928 1158 2965 in
1191 2928 1436 2967 Calabriam
1470 2929 1496 2966 i.
1516 2939 1551 2967 e.
1584 2929 1742 2964 Καλαυ-

105 3001 196 3053 ρίαν
229 3002 297 3047 (cf.
332 3002 542 3054 Καλαυρία
573 3003 617 3042 in
650 3002 818 3052 Sicilia,
852 3003 966 3041 Plut.
1000 3002 1111 3042 Tim.
1145 3004 1230 3049 31).
1277 3005 1325 3043 In
1359 3003 1560 3052 Messapii
1593 3005 1741 3042 autem
