2200 3487
455 340 534 377 198
928 352 980 379 Dr:
1013 353 1299 382 EUGAMMoms
1332 354 1588 382 TELEGONIA.

449 465 692 513 pretatione
749 466 888 504 Procli
944 468 1173 506 verborum
1233 469 1346 506 male
1394 469 1719 507 distractorum.
1767 467 1909 506 Verba
1956 467 2071 506 enim

453 538 545 588 „nal
586 540 772 586 ξενίζεται
812 541 920 592 παρὰ
965 542 1175 598 Πολυξένῳ
1218 544 1348 593 δῶρον
1391 558 1429 581 τε
1461 543 1653 593 λαμβάνει
1685 548 1860 593 κρατῆρα
1892 541 1958 580 καὶ
1990 540 2072 580 ἐπὶ

450 615 609 668 τούτῳ
643 615 697 653 τὰ
729 615 846 665 περὶ
895 618 1205 667 Τροφώνιον
1248 617 1331 656 καὶ
1376 618 1663 669 Ἀγαμήδην
1706 617 1791 656 καὶ
1835 616 2071 668 Αὐγέαν”

452 691 584 728 vertit
610 691 849 730 Svoronos:
883 692 1061 740 „Ulixes
1090 694 1277 742 hospitio
1304 694 1517 740 Polyxeni
1544 695 1694 742 utitur,
1720 695 1935 732 crateram
1955 693 2008 731 ab
2026 703 2074 731 eo

450 765 559 803 dono
601 767 774 814 accipit,
817 768 960 806 demde
992 771 1233 815 sequuntur
1266 769 1372 813 (scil.
1405 769 1450 807 in
1483 769 1730 816 Telegonia)
1763 769 1913 806 itinera
1943 768 2074 807 herois

449 841 505 879 ad
541 840 833 889 Trophonium,
868 844 923 881 ad
956 844 1252 891 Ayamedem.’'
1284 844 1437 893 Quidni
1467 854 1568 882 vero
1597 843 1862 891 significent:
1897 844 2074 891 „Ulixes

450 917 607 965 accipit
644 921 875 966 crateram,
911 919 1064 956 deinde
1098 922 1294 966 sequitur
1327 920 1370 957 in
1403 919 1637 967 Telegonia
1667 920 1860 957 narratio
1894 920 1944 957 de
1977 918 2073 957 Tro-

450 992 598 1040 phonii
631 993 757 1039 dolis,
794 994 965 1041 qualem
999 994 1050 1032 ab
1084 995 1227 1041 aliquo
1255 994 1500 1033 Demodoco
1528 995 1741 1042 Polyxeni
1767 996 1809 1033 in
1836 995 1954 1042 regia
1981 1004 2074 1032 can-

451 1069 591 1105 tatam
611 1078 707 1106 esse
725 1067 849 1116 fingit
867 1071 1037 1117 poeta'’.
1058 1066 1081 1113 ¹)
1100 1069 1218 1118 Quod
1236 1070 1273 1108 si
1292 1080 1447 1108 verum
1466 1070 1649 1118 videtur,
1669 1071 1880 1108 discimus
1897 1081 1918 1108 e
1937 1069 2077 1107 Procli

452 1143 612 1190 verbis,
657 1144 700 1182 in
744 1145 882 1191 priore
925 1145 1182 1192 Telegoniae
1215 1148 1337 1193 parte
1369 1146 1505 1184 fuisse
1541 1148 1666 1184 haec:
1704 1146 1846 1193 „proci
1879 1145 2077 1193 sepulcro

450 1220 706 1267 conduntur,
740 1219 957 1259 sacrificat
989 1221 1144 1259 Ulixes
1175 1221 1407 1270 Nymphis,
1443 1224 1484 1259 in
1518 1222 1681 1260 Elidem
1709 1221 1996 1270 proficiscitur
2023 1220 2074 1258 ad

449 1296 649 1333 armenta
691 1306 771 1333 sua
813 1296 1013 1343 visenda,
1058 1297 1245 1344 hospitio
1289 1297 1503 1344 excipitur
1546 1309 1569 1335 a
1603 1297 1822 1345 Polyxeno
1856 1306 1967 1344 rege,
2002 1299 2075 1342 qui

449 1370 651 1408 Eleorum
680 1371 732 1409 ad
759 1371 930 1409 Troiam
958 1372 1044 1409 dux
1072 1372 1231 1419 fuerat,
1263 1372 1372 1410 dono
1402 1373 1555 1420 accipit
1583 1376 1817 1419 crateram,
1842 1371 2073 1410 audit'rro-

449 1446 596 1494 phonii
622 1446 835 1493 fabulam;
864 1447 1050 1493 denique
1077 1448 1313 1486 revertitur
1332 1449 1547 1496 Ithacam,
1569 1449 1640 1486 uhi
1659 1448 1849 1486 Tiresiae
1868 1447 2076 1485 mandata

448 1523 683 1559 exsecutus
710 1522 913 1560 omnibus
939 1523 1157 1560 caelicolis
1184 1522 1446 1561 sacrificat.”
1474 1523 1604 1561 Plura
1632 1523 1831 1570 equidem
1862 1533 1915 1561 ex
1938 1521 2077 1560 Procli

450 1595 592 1634 verbis
633 1596 798 1635 efficere
841 1607 1030 1644 nequeo;
1070 1598 1128 1635 nil
1162 1598 1220 1635 ibi
1254 1599 1474 1636 invenitur
1507 1599 1557 1637 de
1590 1598 1734 1636 Ulixis
1767 1600 1808 1636 in
1842 1599 2074 1636 Arcadiam

450 1672 623 1718 itinere,
658 1672 717 1709 nil
749 1673 799 1710 de
831 1673 1109 1720 navigatione
1137 1675 1188 1711 ad
1218 1673 1529 1721 Trophonium.
1559 1673 1752 1712 Concidit
1781 1674 1911 1721 igitur
1938 1672 2077 1711 maior

451 1757 550 1794 pars
585 1747 905 1796 explicationis,
941 1759 1072 1796 quam
1106 1748 1324 1787 Svoronos
1358 1749 1408 1787 de
1436 1760 1618 1787 nummo
1647 1749 1935 1787 Mantineensi
1959 1758 2075 1796 prae-

451 1822 555 1860 buit.
588 1822 699 1860 Nam
733 1828 778 1860 ut
811 1824 1017 1872 explicet,
1053 1834 1127 1862 cur
1158 1825 1439 1872 potissimum
1480 1824 1615 1862 Ulixes
1642 1825 1684 1862 in
1712 1834 1893 1862 nummo
1919 1823 1992 1861 illo
2020 1823 2079 1860 sit

451 1898 662 1945 depictus,
699 1909 720 1936 e
753 1898 986 1946 Telegonia
1017 1899 1146 1937 efficit
1178 1899 1352 1938 Ulixem
1388 1902 1469 1937 iter
1502 1901 1544 1937 in
1578 1900 1810 1937 Arcadiam
1843 1899 1895 1936 ad
1928 1907 2076 1946 regem

453 1973 698 2021 Stymphali
730 1974 907 2020 fecisse;
943 1985 1082 2022 porro,
1118 1977 1165 2012 ut
1202 1976 1337 2013 vestis
1363 1976 1586 2024 insolitae,
1618 1986 1700 2022 qua
1721 1973 2009 2013 homunculus
2034 1973 2078 2010 in

452 2059 632 2088 nummo
669 2052 736 2088 est
767 2050 964 2099 indutus,
998 2051 1214 2089 rationem
1247 2052 1415 2099 reddat,
1452 2062 1505 2089 ex
1539 2051 1688 2089 eadem
1724 2049 1957 2097 Telegonia
1988 2058 2072 2097 pro-

453 2125 554 2163 bare
585 2125 750 2173 studet,
784 2125 960 2164 Ulixem
995 2126 1046 2164 ad
1080 2125 1376 2174 Trophonium
1405 2127 1645 2174 profectum
1675 2137 1771 2164 esse
1799 2129 1927 2172 atque
1955 2134 2080 2163 sacra

455 2202 576 2238 veste
605 2201 816 2238 amictum
838 2196 866 2245 2)
894 2201 936 2238 in
964 2201 1194 2240 Arcadiam
1226 2202 1412 2240 venisse.
1442 2202 1541 2249 Sed,
1563 2203 1766 2240 cumiani
1784 2202 1894 2239 satis
1911 2203 2080 2239 constet

454 2275 629 2314 Ulixem
677 2286 813 2324 neque
861 2276 1157 2325 Trophonium
1201 2277 1476 2316 consuluisse
1520 2288 1657 2324 neque
1694 2278 1791 2316 inde
1824 2276 2003 2315 rediisse
2035 2275 2078 2313 in

456 2352 704 2400 Arcadiam,
755 2352 893 2390 fulcra
940 2353 1094 2399 quibus
1137 2353 1323 2391 Svoroni
1365 2354 1598 2401 explicatio
1640 2354 1794 2392 nititur
1836 2352 2079 2391 concidunt.

455 2428 672 2466 Nummus
719 2428 921 2466 laudatus
967 2429 1207 2475 imaginem
1254 2429 1433 2477 praebet
1480 2431 1729 2478 obscuram,
1779 2430 1891 2467 mira
1938 2430 2077 2477 veste,

455 2503 613 2542 calceis
655 2504 863 2552 insolitis,
907 2504 1060 2552 capitis
1092 2505 1317 2552 tegumine
1351 2506 1694 2543 extraordinario
1727 2506 1944 2551 ornatam,
1973 2513 2080 2552 quae

502 2680 524 2720 ¹)
551 2683 748 2721 Apollodori
770 2685 964 2720 fragmenta
989 2685 1186 2714 Sabbaitica
1219 2687 1252 2714 et
1280 2685 1446 2714 Vaticana
1475 2685 1558 2721 (vid.
1586 2685 1638 2714 ed.
1664 2685 1779 2722 Wagn.
1801 2685 1970 2714 Bfieheler
1994 2685 2080 2714 Mus.

457 2744 563 2774 Rhen.
591 2744 661 2773 Vol.
688 2744 790 2773 XLVI
817 2754 847 2781 p.
873 2746 1079 2781 iel—192),
1101 2754 1176 2774 cuni
1199 2746 1263 2774 iter
1284 2747 1317 2774 in
1337 2744 1473 2774 Elidem
1493 2755 1554 2774 non
1574 2746 1790 2779 contineant,
1815 2745 1879 2774 hac
1900 2745 1941 2774 de
1961 2753 2083 2782 quaes-

457 2803 548 2834 tione
574 2803 621 2833 nil
646 2814 707 2834 nos
732 2806 854 2834 docere
879 2808 1035 2843 possunt.
1060 2804 1189 2835 Iniuria
1214 2805 1318 2843 igitur
1347 2805 1378 2834 E.
1404 2807 1520 2843 Meyer
1543 2806 1701 2843 (Hermes
1724 2806 1813 2835 XXX
1838 2815 1869 2843 p.
1897 2805 1974 2845 260)
1998 2806 2083 2835 haec

460 2867 652 2903 fragmenta
676 2869 782 2895 testes
809 2865 841 2894 in
868 2865 1032 2895 iudicium
1058 2866 1203 2896 vocavit.

503 2924 529 2963 2)
552 2927 652 2956 Pausi.
675 2926 721 2955 IX
743 2927 803 2960 39,
826 2929 859 2955 δε
884 2931 1033 2961 „famiam
1053 2928 1104 2955 τὸν
1125 2933 1240 2964 χιτῶνα
1260 2927 1462 2961 ἐπιζιυσθείς”
1487 2926 1509 2956 i.
1535 2936 1562 2956 e.
1587 2930 1701 2955 vestes
1726 2927 1851 2956 taeniis
1875 2926 1995 2956 cinctas
2018 2935 2083 2955 non

459 2990 653 3017 succinctas
677 2988 908 3017 induebantur
934 2988 1167 3026 Trophonium
1193 2987 1334 3023 adituri3
1361 2997 1467 3025 quare
1492 2989 1578 3017 Max.
1605 2989 1681 3025 Tyr.
1707 2986 1789 3017 diss.
1815 2990 1871 3024 14,
1894 2989 1911 3017 2
1934 2989 2086 3025 loquitur

462 3048 504 3078 de
528 3050 626 3088 ὀθόνῃ
651 3051 826 3090 ποδήρει.
853 3049 926 3078 Vid.
951 3049 1114 3079 Deubner
1138 3050 1179 3079 de
1205 3050 1430 3079 incubatione
1454 3059 1485 3087 p.
1513 3050 1564 3078 25.
