2141 3487
832 290 886 317 m:
922 290 1063 318 ΜΑυιςἸ
1682 283 1761 319 103

130 403 237 440 lawn
271 402 587 450 intellegimus,
630 411 846 450 quaenam
880 402 1167 449 congruentia
1199 412 1223 440 a
1255 402 1400 441 Photii
1431 405 1606 441 auctore
1640 404 1768 450 respi-

131 477 282 515 ciatur.
312 476 397 514 Sub
428 486 561 514 unum
590 477 723 524 igitur
751 478 1035 524 conspectum
1065 477 1341 524 colleguntur
1360 477 1551 526 Dactyli,
1571 477 1766 525 Titanes,

133 552 273 590 Cabiri
305 551 491 599 Lemnii,
521 551 689 600 Priapi;
724 552 880 599 quibus
915 552 1012 590 addi
1047 555 1232 600 possunt
1258 552 1472 602 Dioscuri,
1503 553 1767 591 daemonum

130 636 269 674 genus
311 626 456 664 nautis
500 629 548 665 ut
592 626 735 665 Cabiri
777 626 1062 675 benevolum,
1108 627 1271 676 Satyri,
1313 628 1462 677 Sileni,
1499 627 1767 675 Corybantes

131 700 198 746 (cf.
243 701 382 739 Strab.
427 701 466 739 X
510 703 624 746 466).
670 702 765 740 Huc
808 702 944 740 etiam
981 702 1172 750 pertinet
1205 703 1391 741 daemon
1425 703 1497 742 ille
1530 703 1767 742 Mercurius

128 775 351 823 Cyllenius
409 776 550 820 (Paus.
601 777 670 825 VI,
733 778 800 825 26,
852 779 913 824 5);
965 777 1195 826 HerculeS,
1247 779 1320 826 qui
1369 779 1481 827 apud
1529 778 1762 816 Pindarum

127 851 300 896 (Isthm.
345 851 415 900 IV,
460 852 529 897 89)
573 854 695 891 audit
737 853 898 902 μορφὰν
942 854 1108 903 βραχύς,
1151 854 1225 892 sed
1270 856 1342 901 qui
1379 855 1580 902 Tnespiis
1615 863 1761 892 veram

126 936 253 965 suam
303 928 507 965 naturam
555 928 825 966 monstravit
867 924 1082 978 (‘H9an2.e'cc
1125 931 1209 974 ταῖς
1251 928 1478 979 θυγατράσι
1517 929 1764 977 πεντήκοντα

126 999 265 1046 οὔσαις
299 1004 381 1046 ταῖς
419 1002 582 1040 Θεστίου
617 1001 884 1053 συγγενέσθαι
917 1003 1064 1049 πάσαις
1099 1002 1204 1052 πλὴν
1238 1010 1328 1053 μιᾶς
1365 1002 1406 1041 ἐν
1439 1010 1485 1057 τῇ
1512 1003 1612 1057 αὐτῇ
1641 1004 1763 1041 νυκτί.

125 1077 251 1115 Paus.
297 1076 370 1123 IX,
416 1077 486 1125 27,
531 1078 594 1124 6);
638 1087 769 1125 quare
815 1078 1007 1125 antiquis
1049 1080 1180 1117 notus
1213 1081 1306 1117 erat
1340 1079 1553 1118 Hercules
1585 1079 1761 1126 quidam

124 1149 143 1189 ὁ
178 1152 422 1200 καλούμενος
455 1158 532 1189 τῶν
561 1148 720 1190 Ἰδαίων
755 1153 975 1191 Δακτύλων
1009 1156 1051 1192 et
1084 1154 1313 1203 Hercules,
1346 1152 1365 1191 ὁ
1390 1152 1551 1202 Ἵδαιος,
1583 1155 1651 1192 cui
1683 1155 1762 1202 pri-

125 1226 276 1266 mitiae
303 1227 500 1266 omnium
525 1238 691 1277 rerum,
727 1230 941 1276 quotquot
973 1226 1334 1267 autumno'terra
1362 1231 1580 1278 producit,
1616 1229 1763 1268 offere·

125 1302 296 1341 bantur.
341 1302 482 1347 (Paus.
517 1302 597 1352 IX,
640 1304 704 1351 19,
741 1305 792 1348 5).
840 1303 1177 1352 Quoquoversus
1217 1306 1492 1354 spectamus,
1526 1305 1684 1352 ubique
1719 1305 1764 1342 in

126 1376 332 1416 Graeciae
384 1377 594 1425 religione
642 1379 954 1426 antiquissima
1001 1379 1249 1426 detegimus
1297 1381 1536 1419 daemones
1582 1382 1766 1428 vegetae

126 1452 366 1491 fertilitatis
422 1451 562 1500 figura
618 1453 908 1501 ithyphallica
964 1455 1239 1504 conspicuos,
1301 1455 1404 1494 alibi
1451 1456 1538 1494 alia
1584 1455 1765 1493 nomina

124 1529 341 1576 gerentes,
374 1528 450 1566 sed
483 1528 640 1575 quibus
671 1528 838 1567 indoles
870 1530 1000 1576 atque
1032 1531 1191 1568 natura
1222 1530 1378 1578 ubique
1411 1541 1498 1569 una
1526 1531 1764 1578 eademque

122 1602 217 1642 fuit.
249 1603 396 1650 Neque
430 1604 578 1651 negari
608 1605 753 1651 potest
787 1604 1126 1652 haudquaquam
1157 1604 1410 1644 Dardanum
1436 1606 1587 1655 illum,
1619 1606 1691 1653 qui
1719 1606 1763 1644 in

124 1680 250 1717 antro
299 1678 499 1717 Mercurii
546 1678 797 1727 Triphyliae
844 1682 977 1718 natus
1025 1682 1136 1729 erat,
1181 1680 1283 1719 licet
1324 1682 1367 1719 in
1410 1682 1602 1720 carmine
1645 1682 1765 1729 epico

124 1763 274 1792 veram
301 1753 475 1791 exuerit
500 1755 723 1802 naturam,
749 1753 990 1792 aDardano
1010 1754 1315 1794 Samothracio
1334 1755 1473 1794 fuisse
1491 1756 1764 1795 dissimilem.

123 1828 217 1867 Non
243 1828 470 1867 nescimus
497 1829 707 1867 Herodoti
739 1829 1032 1868 sententiam:
1070 1828 1142 1878 „vde
1175 1830 1388 1881 Καβείρων
1422 1830 1534 1882 ὄργια
1563 1831 1608 1869 τὰ
1626 1834 1764 1881 Σαμο-

123 1903 289 1954 θρήικες
330 1901 569 1942 ἐπιτελέουσι
611 1904 909 1954 παραλαβόντες
957 1903 1065 1955 παρὰ
1114 1906 1363 1957 Πελασγῶν”
1414 1907 1468 1952 (Π
1517 1908 1586 1952 51)
1635 1907 1762 1946 hodie

123 1980 275 2027 utpote
304 1979 356 2017 ab
381 1979 596 2018 Hecataeo
624 1980 905 2028 desumptam
933 1980 1203 2028 addubitari;
1223 1982 1387 2029 optime
1405 1983 1573 2022 scimus
1591 1982 1759 2021 cultum

123 2054 268 2102 ipsum
325 2053 597 2104 Cabirorum,
650 2065 750 2093 cum
798 2065 957 2094 nomen
1003 2056 1282 2104 phoenicium
1331 2067 1427 2096 esse
1475 2058 1686 2107 videatur,
1737 2069 1761 2097 a

124 2129 409 2169 Phoenicibus
452 2130 678 2168 invectum
720 2130 891 2179 haberi,
935 2131 1011 2169 sed
1048 2132 1136 2169 iam
1179 2131 1383 2170 Welcker
1424 2132 1508 2177 (Gr.
1549 2133 1664 2172 Gott.
1698 2134 1761 2171 III

131 2206 211 2244 173
243 2208 351 2252 sqq.)
384 2205 557 2243 monuit
589 2206 926 2253 discrepantiam
957 2208 1132 2245 exstare
1157 2207 1272 2245 inter
1299 2208 1564 2247 Phoenicum
1586 2208 1762 2247 Cabiros

125 2282 236 2330 („die
292 2280 562 2318 hiilfieichen
618 2280 788 2319 Machte
832 2281 876 2319 in
924 2281 999 2319 der
1046 2282 1131 2320 Not
1180 2283 1255 2321 des
1299 2283 1502 2322 sturmes
1549 2284 1639 2322 und
1687 2284 1762 2323 der

126 2356 339 2404 Wogen’')
371 2356 414 2394 et
447 2354 624 2394 Cabiros
656 2356 863 2394 Lemnios
896 2357 1007 2405 („die
1042 2357 1188 2395 Gaben
1222 2358 1296 2396 der
1328 2358 1440 2397 Erde
1483 2359 1763 2408 spendenden

122 2431 436 2474 Daemonen'').
465 2430 579 2468 Num
606 2430 717 2469 forte
745 2431 1037 2470 Samothracii
1064 2431 1206 2471 Gabiri
1233 2433 1285 2472 ab
1312 2434 1437 2472 initio
1465 2435 1764 2482 navigationis

124 2506 289 2544 fuerint
335 2506 589 2554 daemones,
638 2516 723 2544 non
767 2509 890 2545 curat
919 2507 1083 2546 Robert
1120 2507 1480 2552 (Preller-Robert
1521 2509 1591 2548 Gr.
1626 2510 1761 2557 Myth.

126 2592 165 2630 p.
199 2581 307 2619 849:
345 2581 472 2629 „dass
515 2591 567 2618 zu
611 2582 906 2620 untersuchen
949 2582 1007 2620 ist
1046 2584 1167 2622 nicht
1211 2594 1367 2622 unsere
1400 2584 1597 2628 Sache”).
1636 2584 1762 2622 Nullo

125 2658 273 2695 autem
314 2655 601 2694 luculentiore
644 2656 904 2695 documento
946 2657 1241 2697 demonstrari
1281 2660 1427 2707 potest
1452 2659 1568 2698 idem
1601 2669 1764 2697 numen

125 2733 217 2770 tam
261 2741 467 2779 agrorum
510 2731 713 2770 felicitati
749 2742 880 2779 quam
923 2733 1138 2772 fluctuum
1182 2734 1321 2773 motui
1357 2734 1602 2782 prospicere
1634 2744 1764 2782 posse

125 2816 257 2853 quam
299 2805 500 2854 Neptuno
537 2789 750 2861 Φυταλμίξρ
785 2809 828 2845 et
859 2807 1057 2856 Neptuno
1092 2806 1318 2858 ἁλιμέὸουτι
1352 2809 1465 2848 inter
1496 2819 1542 2848 se
1578 2808 1763 2848 collatis.

125 2881 195 2920 Sic
236 2881 352 2919 inter
399 2891 446 2920 se
493 2882 713 2921 coniuncti
755 2885 860 2921 sunt
903 2883 1082 2922 Telamo
1124 2894 1287 2923 numen
1330 2894 1541 2932 aquarum
1577 2886 1620 2922 et
1653 2884 1765 2923 Aiax

126 2956 313 2994 daemon
379 2956 610 2995 Locrensis
668 2958 829 2996 virium
886 2959 1166 2998 terrestrium
1224 2960 1391 3008 genius.
1455 2960 1766 2998 Demonstrare
