2200 3487
421 332 473 368 42
1110 337 1162 363 DE
1196 337 1340 365 AIACE.

479 455 617 492 Acute
659 452 909 491 observavit
947 450 1188 489 scholiasta
1231 449 1284 487 ad
1324 448 1506 488 ultimos
1548 450 1656 489 duos
1688 460 1866 489 versus:
1904 443 2046 498 „ofitog

418 528 522 568 ἐστίν
555 528 573 567 ὁ
606 528 775 567 παιάν”.
810 529 857 566 Id
892 527 1008 566 enim
1043 526 1196 564 Graeci
1222 526 1435 565 abeuntes
1461 527 1724 565 cecinerunt.
1758 526 1839 565 Sed
1867 526 2039 565 cuinam

418 606 495 644 deo
528 605 698 643 canitur
730 601 749 641 ὁ
781 601 938 640 παιάν’.)
973 601 1016 639 Si
1049 601 1147 648 quis
1179 601 1322 640 nescit
1351 601 1559 650 inspiciat
1592 605 1629 639 A
1660 603 1746 641 473
1781 613 1868 650 sq.:

648 678 770 716 καλὸν
802 676 1001 722 ἀείδοντες
1033 675 1212 726 παιήονα
1233 699 1285 703 -
1305 674 1517 726 μέλποντες
1548 676 1820 729 ,Ρεκάέεργονῐ

475 754 663 802 Apollini
696 754 923 791 nimirum.
958 752 1084 791 Hunc
1117 752 1250 800 igitur
1283 752 1586 792 concelebrant
1618 754 1800 803 Achaei,
1834 754 2038 801 quoniam

414 832 586 868 tantum
619 840 702 868 non
737 830 1001 878 ceperunt..
1025 827 1270 877 .Apollinis
1301 828 1475 868 urbem!

853 902 983 942 ἔλιπεν
1018 901 1061 942 δέ
1091 905 1140 942 fe
1177 904 1326 954 Φοῖβος
1360 903 1569 943 Ἀπόλλων.

697 1233 826 1277 VIII.
860 1233 927 1275 De
960 1232 1118 1277 Aiacis
1151 1235 1321 1276 natura
1330 1264 1344 1287 ,
1377 1234 1528 1288 cultu,
1561 1234 1759 1289 origine.

470 1359 581 1397 Aiax
627 1359 670 1396 in
717 1358 852 1397 Iliade
894 1361 1042 1407 partes
1085 1360 1177 1409 agit
1218 1360 1404 1399 minime
1445 1361 1736 1409 spernendas;
1770 1361 1882 1400 inter
1914 1371 2041 1410 pares

414 1435 540 1474 facile
585 1436 786 1484 princeps
832 1437 914 1485 est,
961 1435 1123 1475 Achilli
1164 1438 1311 1475 autem
1356 1438 1424 1476 est
1464 1447 1638 1487 suppar,
1683 1447 1814 1484 quare
1856 1437 2039 1476 Bethius

415 1510 506 1555 (Die
538 1510 850 1558 Trojanischen
892 1512 1239 1562 Ausgrabungen
1281 1514 1368 1552 und
1410 1513 1477 1553 die
1509 1513 1825 1559 Homerkritik)
1858 1514 2038 1552 Aiacem

415 1586 652 1634 appellavit
684 1587 835 1626 Troiae
868 1588 1041 1627 hostem
1069 1589 1348 1628 acerrimum.
1375 1589 1490 1628 Dum
1517 1589 1711 1628 Achilles
1737 1589 2042 1628 stomachatur

415 1663 579 1710 pugnat
623 1662 749 1702 Aiax.
798 1663 879 1702 Hic
925 1673 1062 1703 naves
1110 1664 1319 1714 defendit,
1362 1665 1578 1704 Patroclis
1620 1665 1805 1704 cadaver
1841 1664 2041 1704 Troianis

416 1737 560 1786 eripit,
610 1737 676 1776 bis
725 1748 823 1777 cum
871 1739 1059 1779 Hectore
1102 1742 1328 1779 certamen
1367 1740 1450 1779 init
1491 1740 1727 1789 singulare.
1773 1740 1851 1790 Qui
1882 1741 2039 1779 horum

415 1814 706 1853 certaminum
734 1815 867 1854 fuerit
893 1816 1058 1865 exitus,
1087 1816 1271 1855 minime
1298 1817 1493 1855 incertus
1521 1818 1602 1855 est.
1631 1818 1767 1856 H271
1802 1816 2042 1865 aspicimus

411 1888 644 1928 Hectorem
677 1901 837 1940 magno
869 1891 1028 1942 lapide,
1063 1903 1193 1940 quem
1222 1893 1323 1933 iecit
1348 1894 1480 1946 Aiax,
1509 1892 1763 1942 resupinum
1790 1892 1913 1931 humi
1940 1900 2035 1930 con-

413 1966 601 2004 stratum
633 1976 712 2005 nec
743 1968 830 2005 nisi
861 1968 1078 2017 Apollinis
1111 1980 1190 2019 ope
1223 1972 1473 2009 servatum:

1119 2041 1139 2082 ὃ
1175 2041 1209 2082 δ’
1241 2044 1380 2092 ὕπτιος
1413 2044 1671 2097 ἐξετανύσθη,

647 2115 780 2156 ἀσπίὸ’
816 2116 1104 2171 ἐνιχριμφθείς·
1137 2119 1207 2159 τὸν
1240 2117 1273 2159 δ’
1308 2117 1391 2171 αἰψ’
1429 2120 1619 2173 ὤρθωσεν
1650 2121 1859 2160 Ἀπόλλων.

416 2188 451 2230 Ξ
473 2192 557 2230 418
591 2193 725 2231 simili
757 2195 886 2234 modo
919 2197 1151 2245 superatus
1179 2196 1341 2236 Hector
1366 2198 1490 2236 humi
1517 2198 1750 2247 sternitur;
1779 2195 2041 2236 validissimi

417 2268 563 2305 autem
598 2268 769 2308 Troiani
803 2270 1065 2311 Graecorum
1098 2272 1303 2312 manibus
1336 2284 1437 2312 eum
1469 2274 1730 2323 surripiunt:

651 2338 702 2390 ὧς
735 2342 840 2383 ἔπεσ’
863 2343 1058 2399 ’“Ἐκτορος
1093 2343 1176 2387 ὦκα
1207 2347 1332 2399 χαμαὶ
1364 2347 1482 2399 μένος
1516 2348 1558 2388 ἐν
1589 2349 1747 2404 κονίῃσι

650 2420 689 2457 οἳ
721 2420 923 2468 (Troiani)
956 2422 1025 2461 τόν
1056 2437 1099 2475 γε
1129 2422 1245 2474 προτὶ
1274 2423 1405 2464 ,Ράστυ
1433 2421 1576 2476 ’φέρον
1607 2422 1732 2476 βαρέα
1760 2423 2013 2475 στενάχοντα.

474 2493 582 2532 Male
629 2495 680 2533 ab
723 2496 802 2535 hoc
844 2498 1083 2538 certamine
1124 2499 1167 2538 in
1201 2501 1328 2539 textu
1360 2502 1512 2540 nostro
1545 2500 1770 2539 divulsum
1806 2501 1876 2539 est
1908 2500 2042 2548 episo-

414 2567 532 2606 dium
574 2570 916 2617 pulcherrimum
960 2576 1005 2612 N
1045 2576 1293 2626 789—837‚
1336 2576 1409 2615 ubi
1442 2578 1598 2615 extant
1629 2575 1776 2615 Aiacis
1811 2575 1853 2614 in
1886 2574 2039 2614 Hecto·

413 2653 504 2681 rem
538 2645 701 2695 minae,
736 2657 843 2694 quae
876 2650 1028 2689 statim
1060 2661 1142 2690 nos
1173 2651 1224 2690 de
1256 2650 1413 2690 ultimo
1441 2651 1646 2691 Hectoris
1675 2653 1718 2692 et
1744 2651 1929 2692 Achillis
1956 2660 2037 2691 cer·

412 2719 575 2757 tamine
609 2721 866 2761 admonent:

533 2795 617 2833 813
652 2790 675 2846 ἦ
707 2796 789 2845 θήν
821 2799 900 2837 πού
933 2814 991 2838 τοι
1022 2800 1155 2851 θυμὸς
1187 2799 1393 2841 §Filumeni
1426 2802 1684 2851 ἐξαλαπάξειν

648 2876 757 2921 νῆας
790 2871 896 2922 ἅψας
924 2873 966 2912 δέ
997 2890 1035 2913 τε
1066 2879 1188 2927 χεῖρες
1220 2875 1428 2928 ἀμυνέμεν’
1465 2878 1538 2917 εἰσὶ
1569 2877 1635 2917 καὶ
1666 2874 1772 2930 ἧμιν.

649 2941 672 2996 ἦ
705 2961 747 2984 κε
779 2948 880 2986 πολὺ
913 2951 1066 3000 φθαίη,
1098 2950 1140 2990 ἐὺ
1174 2951 1367 3004 ναιομένη
1399 2953 1511 3001 πόλις
1542 2954 1643 3005 ὑμὴ,

647 3020 775 3074 χερσὶν
809 3020 874 3072 ὑφ’
911 3021 1119 3081 ἡμετέρῃσι
1152 3027 1338 3067 fastuve&
1369 3043 1408 3068 τε
1438 3028 1672 3083 περθομένη
1706 3045 1755 3070 τε,
