<?xml version="1.0" encoding="UTF-8"?>
<!DOCTYPE html PUBLIC "-//W3C//DTD XHTML 1.0 Transitional//EN"
    "http://www.w3.org/TR/xhtml1/DTD/xhtml1-transitional.dtd">
<html xmlns="http://www.w3.org/1999/xhtml" xml:lang="en" lang="en">
 <head>
  <title>
</title>
<meta http-equiv="Content-Type" content="text/html;charset=utf-8" />
  <meta name='ocr-system' content='tesseract 3.04.00' />
  <meta name='ocr-capabilities' content='ocr_page ocr_carea ocr_par ocr_line ocrx_word'/>
</head>
<body>
  <div class='ocr_page' id='page_1' title='image "./deaiacisoriginec00vr_0185.png"; bbox 0 0 2141 3487; ppageno 0'>
   <div class='ocr_carea' id='block_1_1' title="bbox 804 311 1761 348">
    <p class='ocr_par' dir='ltr' id='par_1_1' title="bbox 804 311 1761 348">
     <span class='ocr_line' id='line_1_1' title="bbox 804 311 1761 348; baseline 0 -1"><span class='ocrx_word' id='word_1_1' title='bbox 804 320 857 347; x_wconf 67' lang='lat' dir='ltr'>Dr:</span> <span class='ocrx_word' id='word_1_2' title='bbox 890 318 1088 347; x_wconf 79' lang='lat' dir='ltr'>CARNEIS.</span> <span class='ocrx_word' id='word_1_3' title='bbox 1683 311 1731 348; x_wconf 87' lang='grc'>17</span> <span class='ocrx_word' id='word_1_4' title='bbox 1738 311 1761 348; x_wconf 84' lang='grc'><strong>3</strong></span> 
     </span>
    </p>
   </div>
   <div class='ocr_carea' id='block_1_2' title="bbox 138 432 1788 2302">
    <p class='ocr_par' dir='ltr' id='par_1_2' title="bbox 138 432 1767 638">
     <span class='ocr_line' id='line_1_2' title="bbox 138 432 1766 485; baseline -0.003 -8"><span class='ocrx_word' id='word_1_5' title='bbox 138 438 210 476; x_wconf 85' lang='lat' dir='ltr'>sed</span> <span class='ocrx_word' id='word_1_6' title='bbox 254 438 409 485; x_wconf 86' lang='lat' dir='ltr'>talem,</span> <span class='ocrx_word' id='word_1_7' title='bbox 452 436 525 484; x_wconf 89' lang='lat' dir='ltr'>qui</span> <span class='ocrx_word' id='word_1_8' title='bbox 566 436 607 473; x_wconf 91' lang='lat' dir='ltr'>in</span> <span class='ocrx_word' id='word_1_9' title='bbox 650 434 788 483; x_wconf 88' lang='lat' dir='ltr'>ipsius</span> <span class='ocrx_word' id='word_1_10' title='bbox 829 433 1022 472; x_wconf 85' lang='lat' dir='ltr'>familiae</span> <span class='ocrx_word' id='word_1_11' title='bbox 1059 433 1157 470; x_wconf 84' lang='lat' dir='ltr'>sinu</span> <span class='ocrx_word' id='word_1_12' title='bbox 1186 432 1381 470; x_wconf 84' lang='lat' dir='ltr'>obtineat</span> <span class='ocrx_word' id='word_1_13' title='bbox 1412 432 1575 480; x_wconf 88' lang='lat' dir='ltr'>locum,</span> <span class='ocrx_word' id='word_1_14' title='bbox 1609 434 1682 480; x_wconf 89' lang='lat' dir='ltr'>qui</span> <span class='ocrx_word' id='word_1_15' title='bbox 1715 434 1766 472; x_wconf 91' lang='lat' dir='ltr'>ad</span> 
     </span>
     <span class='ocr_line' id='line_1_3' title="bbox 140 505 1767 560; baseline -0.003 -9"><span class='ocrx_word' id='word_1_16' title='bbox 140 513 351 552; x_wconf 87' lang='lat' dir='ltr'>familiam</span> <span class='ocrx_word' id='word_1_17' title='bbox 398 511 630 560; x_wconf 82' lang='lat' dir='ltr'><strong>pertineat,</strong></span> <span class='ocrx_word' id='word_1_18' title='bbox 674 519 758 548; x_wconf 89' lang='lat' dir='ltr'>non</span> <span class='ocrx_word' id='word_1_19' title='bbox 801 509 1057 556; x_wconf 79' lang='lat' dir='ltr'>alienigena.</span> <span class='ocrx_word' id='word_1_20' title='bbox 1094 508 1163 546; x_wconf 87' lang='lat' dir='ltr'>Sic</span> <span class='ocrx_word' id='word_1_21' title='bbox 1195 507 1445 546; x_wconf 89' lang='lat' dir='ltr'>Herodotus</span> <span class='ocrx_word' id='word_1_22' title='bbox 1477 505 1522 544; x_wconf 82' lang='grc' dir='ltr'>τὰ</span> <span class='ocrx_word' id='word_1_23' title='bbox 1554 506 1669 545; x_wconf 77' lang='grc' dir='ltr'><em>τέκνα</em></span> <span class='ocrx_word' id='word_1_24' title='bbox 1702 507 1767 546; x_wconf 77' lang='grc' dir='ltr'>καὶ</span> 
     </span>
     <span class='ocr_line' id='line_1_4' title="bbox 141 580 887 638; baseline -0.004 -13"><span class='ocrx_word' id='word_1_25' title='bbox 141 587 212 637; x_wconf 83' lang='grc' dir='ltr'>τὴν</span> <span class='ocrx_word' id='word_1_26' title='bbox 244 590 415 638; x_wconf 78' lang='grc' dir='ltr'><em>γυναῖκα</em></span> <span class='ocrx_word' id='word_1_27' title='bbox 447 585 637 634; x_wconf 74' lang='lat' dir='ltr'>appellat</span> <span class='ocrx_word' id='word_1_28' title='bbox 668 582 820 629; x_wconf 75' lang='grc' dir='ltr'><em>οἰκέτας</em></span> <span class='ocrx_word' id='word_1_29' title='bbox 846 580 887 629; x_wconf 87' lang='grc'>1).</span> 
     </span>
    </p>

    <p class='ocr_par' dir='ltr' id='par_1_3' title="bbox 141 655 1772 1316">
     <span class='ocr_line' id='line_1_5' title="bbox 199 655 1765 709; baseline -0.003 -9"><span class='ocrx_word' id='word_1_30' title='bbox 199 663 431 702; x_wconf 80' lang='lat' dir='ltr'>Dorienses</span> <span class='ocrx_word' id='word_1_31' title='bbox 490 672 606 709; x_wconf 89' lang='lat' dir='ltr'>vero,</span> <span class='ocrx_word' id='word_1_32' title='bbox 666 660 852 699; x_wconf 90' lang='lat' dir='ltr'>simulac</span> <span class='ocrx_word' id='word_1_33' title='bbox 906 660 1100 708; x_wconf 90' lang='lat' dir='ltr'>ipsorum</span> <span class='ocrx_word' id='word_1_34' title='bbox 1163 657 1355 696; x_wconf 79' lang='grc' dir='ltr'><em>Ἀπόλλων</em></span> <span class='ocrx_word' id='word_1_35' title='bbox 1404 658 1558 706; x_wconf 82' lang='grc' dir='ltr'><em>Νόμιος</em></span> <span class='ocrx_word' id='word_1_36' title='bbox 1592 655 1621 703; x_wconf 83' lang='lat'>2)</span> <span class='ocrx_word' id='word_1_37' title='bbox 1669 669 1765 697; x_wconf 81' lang='lat' dir='ltr'>cum</span> 
     </span>
     <span class='ocr_line' id='line_1_6' title="bbox 141 734 1771 789; baseline -0.002 -12"><span class='ocrx_word' id='word_1_38' title='bbox 141 741 367 787; x_wconf 84' lang='lat' dir='ltr'>pastorum</span> <span class='ocrx_word' id='word_1_39' title='bbox 396 738 536 786; x_wconf 89' lang='lat' dir='ltr'>prisco</span> <span class='ocrx_word' id='word_1_40' title='bbox 564 738 743 776; x_wconf 88' lang='lat' dir='ltr'>numine</span> <span class='ocrx_word' id='word_1_41' title='bbox 773 735 952 789; x_wconf 83' lang='grc' dir='ltr'><em>Καρνείῳ</em></span> <span class='ocrx_word' id='word_1_42' title='bbox 982 734 1160 782; x_wconf 80' lang='lat' dir='ltr'>coaluit,</span> <span class='ocrx_word' id='word_1_43' title='bbox 1193 743 1351 772; x_wconf 88' lang='lat' dir='ltr'>novam</span> <span class='ocrx_word' id='word_1_44' title='bbox 1380 734 1659 781; x_wconf 72' lang='lat' dir='ltr'>invenexunt‚</span> <span class='ocrx_word' id='word_1_45' title='bbox 1686 745 1771 781; x_wconf 90' lang='lat' dir='ltr'>qua</span> 
     </span>
     <span class='ocr_line' id='line_1_7' title="bbox 141 809 1769 861; baseline -0.002 -9"><span class='ocrx_word' id='word_1_46' title='bbox 141 813 297 853; x_wconf 82' lang='lat' dir='ltr'>Carnei</span> <span class='ocrx_word' id='word_1_47' title='bbox 345 813 559 861; x_wconf 84' lang='lat' dir='ltr'>Apollinis</span> <span class='ocrx_word' id='word_1_48' title='bbox 606 822 763 851; x_wconf 83' lang='lat' dir='ltr'>nomen</span> <span class='ocrx_word' id='word_1_49' title='bbox 808 811 1096 860; x_wconf 80' lang='lat' dir='ltr'>explicarent,</span> <span class='ocrx_word' id='word_1_50' title='bbox 1141 810 1371 848; x_wconf 86' lang='lat' dir='ltr'>rationem.</span> <span class='ocrx_word' id='word_1_51' title='bbox 1416 809 1611 847; x_wconf 82' lang='lat' dir='ltr'>Tradidit</span> <span class='ocrx_word' id='word_1_52' title='bbox 1653 811 1769 849; x_wconf 89' lang='lat' dir='ltr'>enim</span> 
     </span>
     <span class='ocr_line' id='line_1_8' title="bbox 142 884 1770 938; baseline -0.002 -10"><span class='ocrx_word' id='word_1_53' title='bbox 142 890 464 938; x_wconf 80' lang='lat' dir='ltr'>Theopompus,</span> <span class='ocrx_word' id='word_1_54' title='bbox 501 891 649 927; x_wconf 83' lang='lat' dir='ltr'>auctor</span> <span class='ocrx_word' id='word_1_55' title='bbox 681 891 770 925; x_wconf 83' lang='lat' dir='ltr'>tam</span> <span class='ocrx_word' id='word_1_56' title='bbox 808 887 1026 925; x_wconf 89' lang='lat' dir='ltr'>Theocriti</span> <span class='ocrx_word' id='word_1_57' title='bbox 1058 885 1323 924; x_wconf 87' lang='lat' dir='ltr'>scholiastae</span> <span class='ocrx_word' id='word_1_58' title='bbox 1348 895 1477 932; x_wconf 87' lang='lat' dir='ltr'>quam</span> <span class='ocrx_word' id='word_1_59' title='bbox 1506 884 1770 934; x_wconf 85' lang='lat' dir='ltr'>Pausaniae,</span> 
     </span>
     <span class='ocr_line' id='line_1_9' title="bbox 143 958 1771 1014; baseline -0.003 -10"><span class='ocrx_word' id='word_1_60' title='bbox 143 965 332 1004; x_wconf 82' lang='lat' dir='ltr'>Carnum</span> <span class='ocrx_word' id='word_1_61' title='bbox 375 964 488 1014; x_wconf 77' lang='grc' dir='ltr'><em>γένος</em></span> <span class='ocrx_word' id='word_1_62' title='bbox 525 962 562 1010; x_wconf 81' lang='grc' dir='ltr'>ἐξ</span> <span class='ocrx_word' id='word_1_63' title='bbox 599 963 855 1012; x_wconf 74' lang='grc' dir='ltr'><em>Ἀκαρνανίας</em></span> <span class='ocrx_word' id='word_1_64' title='bbox 888 963 1187 1010; x_wconf 72' lang='grc' dir='ltr'>μαντευόμενον</span> <span class='ocrx_word' id='word_1_65' title='bbox 1221 958 1262 998; x_wconf 82' lang='grc' dir='ltr'>ὁὲ</span> <span class='ocrx_word' id='word_1_66' title='bbox 1295 958 1333 1007; x_wconf 81' lang='grc' dir='ltr'>ἐξ</span> <span class='ocrx_word' id='word_1_67' title='bbox 1372 961 1609 1006; x_wconf 80' lang='grc' dir='ltr'><em>Ἀπόλλωνος</em></span> <span class='ocrx_word' id='word_1_68' title='bbox 1642 961 1771 999; x_wconf 77' lang='lat' dir='ltr'>inter-</span> 
     </span>
     <span class='ocr_line' id='line_1_10' title="bbox 143 1036 1771 1087; baseline -0.003 -8"><span class='ocrx_word' id='word_1_69' title='bbox 143 1041 304 1079; x_wconf 86' lang='lat' dir='ltr'>fectum</span> <span class='ocrx_word' id='word_1_70' title='bbox 349 1050 445 1079; x_wconf 91' lang='lat' dir='ltr'>esse</span> <span class='ocrx_word' id='word_1_71' title='bbox 487 1040 540 1078; x_wconf 91' lang='lat' dir='ltr'>ab</span> <span class='ocrx_word' id='word_1_72' title='bbox 588 1039 777 1087; x_wconf 88' lang='lat' dir='ltr'>Hippota</span> <span class='ocrx_word' id='word_1_73' title='bbox 819 1038 982 1086; x_wconf 85' lang='lat' dir='ltr'>Phylae</span> <span class='ocrx_word' id='word_1_74' title='bbox 1014 1037 1124 1085; x_wconf 89' lang='lat' dir='ltr'>filio;</span> <span class='ocrx_word' id='word_1_75' title='bbox 1160 1037 1242 1076; x_wconf 89' lang='lat' dir='ltr'>hac</span> <span class='ocrx_word' id='word_1_76' title='bbox 1275 1038 1326 1076; x_wconf 92' lang='lat' dir='ltr'>de</span> <span class='ocrx_word' id='word_1_77' title='bbox 1361 1047 1492 1076; x_wconf 92' lang='lat' dir='ltr'>causa</span> <span class='ocrx_word' id='word_1_78' title='bbox 1524 1036 1771 1085; x_wconf 83' lang='lat' dir='ltr'>Apollinem</span> 
     </span>
     <span class='ocr_line' id='line_1_11' title="bbox 143 1114 1772 1163; baseline -0.002 -8"><span class='ocrx_word' id='word_1_79' title='bbox 143 1116 420 1155; x_wconf 86' lang='lat' dir='ltr'>Doriensium</span> <span class='ocrx_word' id='word_1_80' title='bbox 464 1116 707 1154; x_wconf 80' lang='lat' dir='ltr'>exercitum</span> <span class='ocrx_word' id='word_1_81' title='bbox 750 1114 1003 1163; x_wconf 85' lang='lat' dir='ltr'>pestilentia</span> <span class='ocrx_word' id='word_1_82' title='bbox 1045 1123 1253 1161; x_wconf 84' lang='lat' dir='ltr'>vexasse,</span> <span class='ocrx_word' id='word_1_83' title='bbox 1296 1114 1430 1151; x_wconf 89' lang='lat' dir='ltr'>donec</span> <span class='ocrx_word' id='word_1_84' title='bbox 1467 1115 1610 1151; x_wconf 88' lang='lat' dir='ltr'>vatem</span> <span class='ocrx_word' id='word_1_85' title='bbox 1645 1114 1772 1151; x_wconf 89' lang='lat' dir='ltr'>Acar-</span> 
     </span>
     <span class='ocr_line' id='line_1_12' title="bbox 144 1189 1772 1240; baseline -0.003 -9"><span class='ocrx_word' id='word_1_86' title='bbox 144 1203 303 1231; x_wconf 89' lang='lat' dir='ltr'>nanem</span> <span class='ocrx_word' id='word_1_87' title='bbox 337 1191 551 1240; x_wconf 90' lang='lat' dir='ltr'>placarint</span> <span class='ocrx_word' id='word_1_88' title='bbox 581 1189 826 1238; x_wconf 85' lang='lat' dir='ltr'>sacrificiis,</span> <span class='ocrx_word' id='word_1_89' title='bbox 859 1192 902 1228; x_wconf 88' lang='lat' dir='ltr'>et</span> <span class='ocrx_word' id='word_1_90' title='bbox 929 1189 981 1227; x_wconf 89' lang='lat' dir='ltr'>ab</span> <span class='ocrx_word' id='word_1_91' title='bbox 1008 1189 1082 1227; x_wconf 84' lang='lat' dir='ltr'>illo</span> <span class='ocrx_word' id='word_1_92' title='bbox 1110 1190 1207 1227; x_wconf 87' lang='lat' dir='ltr'>inde</span> <span class='ocrx_word' id='word_1_93' title='bbox 1235 1191 1432 1236; x_wconf 89' lang='lat' dir='ltr'>tempore</span> <span class='ocrx_word' id='word_1_94' title='bbox 1460 1189 1574 1227; x_wconf 88' lang='lat' dir='ltr'>hunc</span> <span class='ocrx_word' id='word_1_95' title='bbox 1601 1198 1772 1226; x_wconf 89' lang='lat' dir='ltr'>morem</span> 
     </span>
     <span class='ocr_line' id='line_1_13' title="bbox 146 1267 763 1316; baseline -0.002 -10"><span class='ocrx_word' id='word_1_96' title='bbox 146 1269 190 1306; x_wconf 91' lang='lat' dir='ltr'>in</span> <span class='ocrx_word' id='word_1_97' title='bbox 222 1268 521 1316; x_wconf 87' lang='lat' dir='ltr'>Peloponneso</span> <span class='ocrx_word' id='word_1_98' title='bbox 554 1267 763 1316; x_wconf 85' lang='lat' dir='ltr'>viguisse.</span> 
     </span>
    </p>

    <p class='ocr_par' dir='ltr' id='par_1_4' title="bbox 146 1342 1788 2302">
     <span class='ocr_line' id='line_1_14' title="bbox 206 1342 1776 1389; baseline -0.003 -7"><span class='ocrx_word' id='word_1_99' title='bbox 206 1343 430 1382; x_wconf 83' lang='lat' dir='ltr'>Perhibuit</span> <span class='ocrx_word' id='word_1_100' title='bbox 462 1343 758 1382; x_wconf 86' lang='lat' dir='ltr'>Wilamowitz</span> <span class='ocrx_word' id='word_1_101' title='bbox 790 1343 980 1381; x_wconf 78' lang='lat' dir='ltr'>Carnum</span> <span class='ocrx_word' id='word_1_102' title='bbox 1013 1342 1138 1380; x_wconf 89' lang='lat' dir='ltr'>illum</span> <span class='ocrx_word' id='word_1_103' title='bbox 1171 1342 1453 1380; x_wconf 86' lang='lat' dir='ltr'>Acarnanum</span> <span class='ocrx_word' id='word_1_104' title='bbox 1488 1351 1585 1379; x_wconf 88' lang='lat' dir='ltr'>esse</span> <span class='ocrx_word' id='word_1_105' title='bbox 1618 1351 1776 1389; x_wconf 87' lang='lat' dir='ltr'>epony-</span> 
     </span>
     <span class='ocr_line' id='line_1_15' title="bbox 149 1416 1777 1465; baseline -0.002 -7"><span class='ocrx_word' id='word_1_106' title='bbox 149 1430 288 1465; x_wconf 90' lang='lat' dir='ltr'>mum,</span> <span class='ocrx_word' id='word_1_107' title='bbox 340 1419 571 1458; x_wconf 85' lang='lat' dir='ltr'>Dorienses</span> <span class='ocrx_word' id='word_1_108' title='bbox 618 1422 768 1457; x_wconf 89' lang='lat' dir='ltr'>autem</span> <span class='ocrx_word' id='word_1_109' title='bbox 812 1428 911 1456; x_wconf 91' lang='lat' dir='ltr'>cum</span> <span class='ocrx_word' id='word_1_110' title='bbox 955 1417 1118 1456; x_wconf 83' lang='lat' dir='ltr'>diutius</span> <span class='ocrx_word' id='word_1_111' title='bbox 1160 1418 1202 1455; x_wconf 87' lang='lat' dir='ltr'>in</span> <span class='ocrx_word' id='word_1_112' title='bbox 1237 1417 1412 1464; x_wconf 86' lang='lat' dir='ltr'>regione</span> <span class='ocrx_word' id='word_1_113' title='bbox 1445 1426 1554 1464; x_wconf 89' lang='lat' dir='ltr'>quae</span> <span class='ocrx_word' id='word_1_114' title='bbox 1587 1416 1777 1464; x_wconf 88' lang='lat' dir='ltr'>Apollini</span> 
     </span>
     <span class='ocr_line' id='line_1_16' title="bbox 146 1493 1775 1542; baseline -0.002 -8"><span class='ocrx_word' id='word_1_115' title='bbox 146 1506 274 1535; x_wconf 88' lang='lat' dir='ltr'>sacra</span> <span class='ocrx_word' id='word_1_116' title='bbox 320 1498 437 1533; x_wconf 83' lang='lat' dir='ltr'>esset</span> <span class='ocrx_word' id='word_1_117' title='bbox 486 1494 775 1542; x_wconf 85' lang='lat' dir='ltr'>habitassent,</span> <span class='ocrx_word' id='word_1_118' title='bbox 824 1493 955 1531; x_wconf 90' lang='lat' dir='ltr'>deum</span> <span class='ocrx_word' id='word_1_119' title='bbox 997 1493 1294 1532; x_wconf 87' lang='lat' dir='ltr'>Acarnanium</span> <span class='ocrx_word' id='word_1_120' title='bbox 1337 1502 1485 1531; x_wconf 86' lang='lat' dir='ltr'>secum</span> <span class='ocrx_word' id='word_1_121' title='bbox 1528 1502 1689 1530; x_wconf 87' lang='lat' dir='ltr'>novam</span> <span class='ocrx_word' id='word_1_122' title='bbox 1734 1493 1775 1530; x_wconf 87' lang='lat' dir='ltr'>in</span> 
     </span>
     <span class='ocr_line' id='line_1_17' title="bbox 147 1566 1779 1619; baseline -0.002 -9"><span class='ocrx_word' id='word_1_123' title='bbox 147 1571 335 1619; x_wconf 88' lang='lat' dir='ltr'>patriam</span> <span class='ocrx_word' id='word_1_124' title='bbox 366 1571 547 1610; x_wconf 80' lang='lat' dir='ltr'>duxisse</span> <span class='ocrx_word' id='word_1_125' title='bbox 561 1566 603 1615; x_wconf 81' lang='lat'>3).</span> <span class='ocrx_word' id='word_1_126' title='bbox 632 1571 802 1609; x_wconf 86' lang='lat' dir='ltr'>Revera</span> <span class='ocrx_word' id='word_1_127' title='bbox 830 1569 976 1608; x_wconf 84' lang='lat' dir='ltr'>insula</span> <span class='ocrx_word' id='word_1_128' title='bbox 998 1569 1212 1617; x_wconf 86' lang='lat' dir='ltr'>quaedam</span> <span class='ocrx_word' id='word_1_129' title='bbox 1236 1569 1347 1617; x_wconf 90' lang='lat' dir='ltr'>apud</span> <span class='ocrx_word' id='word_1_130' title='bbox 1371 1569 1666 1607; x_wconf 85' lang='lat' dir='ltr'>Acarnaniam</span> <span class='ocrx_word' id='word_1_131' title='bbox 1695 1569 1779 1606; x_wconf 84' lang='lat' dir='ltr'>sita.</span> 
     </span>
     <span class='ocr_line' id='line_1_18' title="bbox 148 1640 1781 1697; baseline -0.002 -13"><span class='ocrx_word' id='word_1_132' title='bbox 148 1643 174 1696; x_wconf 81' lang='grc' dir='ltr'><em>ἡ</em></span> <span class='ocrx_word' id='word_1_133' title='bbox 218 1646 378 1697; x_wconf 82' lang='grc' dir='ltr'><em>Κάρνος</em></span> <span class='ocrx_word' id='word_1_134' title='bbox 422 1646 720 1695; x_wconf 88' lang='lat' dir='ltr'>appellabatur</span> <span class='ocrx_word' id='word_1_135' title='bbox 739 1640 788 1694; x_wconf 73' lang='lat'>4),</span> <span class='ocrx_word' id='word_1_136' title='bbox 832 1645 1001 1684; x_wconf 85' lang='lat' dir='ltr'>incolae</span> <span class='ocrx_word' id='word_1_137' title='bbox 1043 1646 1137 1684; x_wconf 91' lang='lat' dir='ltr'>eius</span> <span class='ocrx_word' id='word_1_138' title='bbox 1177 1644 1217 1682; x_wconf 81' lang='grc' dir='ltr'>οἱ</span> <span class='ocrx_word' id='word_1_139' title='bbox 1255 1644 1443 1693; x_wconf 79' lang='grc' dir='ltr'><em>Κάρνιοι,</em></span> <span class='ocrx_word' id='word_1_140' title='bbox 1474 1644 1588 1692; x_wconf 87' lang='lat' dir='ltr'>quod</span> <span class='ocrx_word' id='word_1_141' title='bbox 1622 1654 1781 1682; x_wconf 90' lang='lat' dir='ltr'>nomen</span> 
     </span>
     <span class='ocr_line' id='line_1_19' title="bbox 150 1719 1784 1770; baseline -0.003 -9"><span class='ocrx_word' id='word_1_142' title='bbox 150 1723 193 1761; x_wconf 91' lang='lat' dir='ltr'>in</span> <span class='ocrx_word' id='word_1_143' title='bbox 250 1722 510 1761; x_wconf 89' lang='lat' dir='ltr'>memoriam</span> <span class='ocrx_word' id='word_1_144' title='bbox 570 1723 747 1761; x_wconf 89' lang='lat' dir='ltr'>revocat</span> <span class='ocrx_word' id='word_1_145' title='bbox 804 1721 895 1766; x_wconf 78' lang='grc' dir='ltr'>τοὺς</span> <span class='ocrx_word' id='word_1_146' title='bbox 955 1721 1158 1770; x_wconf 78' lang='grc' dir='ltr'><em>Κρανίους</em></span> <span class='ocrx_word' id='word_1_147' title='bbox 1207 1719 1460 1768; x_wconf 87' lang='lat' dir='ltr'>oppidulum</span> <span class='ocrx_word' id='word_1_148' title='bbox 1508 1719 1784 1767; x_wconf 83' lang='lat' dir='ltr'>tetrapolidis</span> 
     </span>
     <span class='ocr_line' id='line_1_20' title="bbox 150 1794 1785 1847; baseline -0.002 -11"><span class='ocrx_word' id='word_1_149' title='bbox 150 1797 481 1847; x_wconf 86' lang='lat' dir='ltr'>Cephallenicae</span> <span class='ocrx_word' id='word_1_150' title='bbox 504 1794 548 1842; x_wconf 79' lang='lat'>⁵).</span> <span class='ocrx_word' id='word_1_151' title='bbox 591 1797 797 1846; x_wconf 87' lang='lat' dir='ltr'>Repperit</span> <span class='ocrx_word' id='word_1_152' title='bbox 839 1799 987 1835; x_wconf 89' lang='lat' dir='ltr'>autem</span> <span class='ocrx_word' id='word_1_153' title='bbox 1030 1796 1271 1835; x_wconf 88' lang='lat' dir='ltr'>Pausanias</span> <span class='ocrx_word' id='word_1_154' title='bbox 1313 1796 1356 1833; x_wconf 87' lang='lat' dir='ltr'>in</span> <span class='ocrx_word' id='word_1_155' title='bbox 1400 1796 1469 1832; x_wconf 90' lang='lat' dir='ltr'>via</span> <span class='ocrx_word' id='word_1_156' title='bbox 1511 1805 1595 1842; x_wconf 87' lang='lat' dir='ltr'>qua</span> <span class='ocrx_word' id='word_1_157' title='bbox 1629 1795 1785 1842; x_wconf 85' lang='lat' dir='ltr'>Sparta</span> 
     </span>
     <span class='ocr_line' id='line_1_21' title="bbox 150 1867 1785 1922; baseline -0.002 -10"><span class='ocrx_word' id='word_1_158' title='bbox 150 1874 238 1912; x_wconf 78' lang='lat' dir='ltr'>itur</span> <span class='ocrx_word' id='word_1_159' title='bbox 278 1874 322 1912; x_wconf 84' lang='lat' dir='ltr'>in</span> <span class='ocrx_word' id='word_1_160' title='bbox 365 1874 598 1912; x_wconf 81' lang='lat' dir='ltr'>Arcadiam</span> <span class='ocrx_word' id='word_1_161' title='bbox 635 1872 814 1922; x_wconf 81' lang='grc' dir='ltr'><strong><em>Κρανίου</em></strong></span> <span class='ocrx_word' id='word_1_162' title='bbox 847 1871 1005 1922; x_wconf 82' lang='grc' dir='ltr'><em>τέμενος</em></span> <span class='ocrx_word' id='word_1_163' title='bbox 1040 1870 1245 1921; x_wconf 75' lang='grc' dir='ltr'><em>ἐπίκλησιν</em></span> <span class='ocrx_word' id='word_1_164' title='bbox 1277 1871 1529 1919; x_wconf 81' lang='grc' dir='ltr'><em>Στεμματίου</em></span> <span class='ocrx_word' id='word_1_165' title='bbox 1552 1867 1595 1915; x_wconf 81' lang='grc'>6).</span> <span class='ocrx_word' id='word_1_166' title='bbox 1627 1870 1785 1908; x_wconf 77' lang='lat' dir='ltr'>Exstat</span> 
     </span>
     <span class='ocr_line' id='line_1_22' title="bbox 152 1945 1787 1998; baseline -0.004 -10"><span class='ocrx_word' id='word_1_167' title='bbox 152 1959 322 1997; x_wconf 82' lang='lat' dir='ltr'>quoque</span> <span class='ocrx_word' id='word_1_168' title='bbox 369 1950 483 1998; x_wconf 83' lang='lat' dir='ltr'>apud</span> <span class='ocrx_word' id='word_1_169' title='bbox 530 1949 778 1988; x_wconf 83' lang='lat' dir='ltr'>Bekkerum</span> <span class='ocrx_word' id='word_1_170' title='bbox 804 1945 851 1994; x_wconf 78' lang='grc'>7);</span> <span class='ocrx_word' id='word_1_171' title='bbox 904 1950 1241 1998; x_wconf 60' lang='grc' dir='ltr'><em>ηστεμματιαῖον·</em></span> <span class='ocrx_word' id='word_1_172' title='bbox 1291 1947 1448 1997; x_wconf 86' lang='grc' dir='ltr'><em>μίμημα</em></span> <span class='ocrx_word' id='word_1_173' title='bbox 1496 1952 1572 1984; x_wconf 82' lang='grc' dir='ltr'>τῶν</span> <span class='ocrx_word' id='word_1_174' title='bbox 1621 1945 1787 1996; x_wconf 82' lang='grc' dir='ltr'><em>σχεδιῶν</em></span> 
     </span>
     <span class='ocr_line' id='line_1_23' title="bbox 154 2017 1786 2075; baseline -0.002 -13"><span class='ocrx_word' id='word_1_175' title='bbox 154 2019 216 2071; x_wconf 82' lang='grc' dir='ltr'>αἷς</span> <span class='ocrx_word' id='word_1_176' title='bbox 257 2023 456 2063; x_wconf 76' lang='grc' dir='ltr'><em>ἔπλευσαν</em></span> <span class='ocrx_word' id='word_1_177' title='bbox 498 2024 539 2063; x_wconf 84' lang='grc' dir='ltr'>οἵ</span> <span class='ocrx_word' id='word_1_178' title='bbox 568 2021 823 2075; x_wconf 52' lang='grc' dir='ltr'><em>(Ηρακλεῐὸαι</em></span> <span class='ocrx_word' id='word_1_179' title='bbox 866 2024 935 2063; x_wconf 83' lang='grc' dir='ltr'>τὸν</span> <span class='ocrx_word' id='word_1_180' title='bbox 977 2023 1121 2074; x_wconf 80' lang='grc' dir='ltr'><em>μεταξὺ</em></span> <span class='ocrx_word' id='word_1_181' title='bbox 1163 2029 1242 2062; x_wconf 83' lang='grc' dir='ltr'>τῶν</span> <span class='ocrx_word' id='word_1_182' title='bbox 1267 2019 1391 2061; x_wconf 51' lang='grc' dir='ltr'><em>(Ρίων</em></span> <span class='ocrx_word' id='word_1_183' title='bbox 1423 2017 1627 2072; x_wconf 71' lang='grc' dir='ltr'>πόρον”3)</span> <span class='ocrx_word' id='word_1_184' title='bbox 1657 2023 1786 2069; x_wconf 74' lang='lat' dir='ltr'>atque</span> 
     </span>
     <span class='ocr_line' id='line_1_24' title="bbox 156 2095 1787 2152; baseline -0.004 -12"><span class='ocrx_word' id='word_1_185' title='bbox 156 2101 268 2150; x_wconf 81' lang='lat' dir='ltr'>apud</span> <span class='ocrx_word' id='word_1_186' title='bbox 293 2101 564 2149; x_wconf 81' lang='lat' dir='ltr'>Hesychium</span> <span class='ocrx_word' id='word_1_187' title='bbox 593 2112 627 2139; x_wconf 90' lang='lat' dir='ltr'>S.</span> <span class='ocrx_word' id='word_1_188' title='bbox 666 2112 705 2140; x_wconf 90' lang='lat' dir='ltr'>V.</span> <span class='ocrx_word' id='word_1_189' title='bbox 740 2103 1044 2149; x_wconf 77' lang='grc' dir='ltr'><em>στεμματιαῖον·</em></span> <span class='ocrx_word' id='word_1_190' title='bbox 1081 2098 1274 2148; x_wconf 61' lang='grc' dir='ltr'><em>ηὸίκηλόν</em></span> <span class='ocrx_word' id='word_1_191' title='bbox 1307 2114 1340 2136; x_wconf 84' lang='grc' dir='ltr'>τι</span> <span class='ocrx_word' id='word_1_192' title='bbox 1373 2097 1415 2136; x_wconf 79' lang='grc' dir='ltr'>ἐν</span> <span class='ocrx_word' id='word_1_193' title='bbox 1448 2096 1563 2152; x_wconf 78' lang='grc' dir='ltr'>ἑορτῇ</span> <span class='ocrx_word' id='word_1_194' title='bbox 1595 2095 1787 2146; x_wconf 80' lang='grc' dir='ltr'><em>πομπέωυ</em></span> 
     </span>
     <span class='ocr_line' id='line_1_25' title="bbox 157 2173 1788 2225; baseline -0.003 -10"><span class='ocrx_word' id='word_1_195' title='bbox 157 2176 376 2225; x_wconf 81' lang='grc' dir='ltr'><em>δαίμονος”</em></span> <span class='ocrx_word' id='word_1_196' title='bbox 400 2173 445 2221; x_wconf 80' lang='lat'>⁹).</span> <span class='ocrx_word' id='word_1_197' title='bbox 480 2176 673 2224; x_wconf 88' lang='lat' dir='ltr'>Denique</span> <span class='ocrx_word' id='word_1_198' title='bbox 702 2177 828 2215; x_wconf 85' lang='lat' dir='ltr'>docet</span> <span class='ocrx_word' id='word_1_199' title='bbox 866 2176 1007 2214; x_wconf 86' lang='lat' dir='ltr'>Schol.</span> <span class='ocrx_word' id='word_1_200' title='bbox 1041 2175 1220 2214; x_wconf 88' lang='lat' dir='ltr'>Theocr.</span> <span class='ocrx_word' id='word_1_201' title='bbox 1254 2174 1303 2222; x_wconf 88' lang='lat' dir='ltr'>V,</span> <span class='ocrx_word' id='word_1_202' title='bbox 1340 2175 1394 2212; x_wconf 82' lang='lat'>83</span> <span class='ocrx_word' id='word_1_203' title='bbox 1421 2174 1662 2212; x_wconf 89' lang='lat' dir='ltr'>daemones</span> <span class='ocrx_word' id='word_1_204' title='bbox 1689 2173 1788 2211; x_wconf 84' lang='lat' dir='ltr'>illos</span> 
     </span>
     <span class='ocr_line' id='line_1_26' title="bbox 156 2251 1788 2302; baseline -0.004 -10"><span class='ocrx_word' id='word_1_205' title='bbox 156 2254 310 2292; x_wconf 87' lang='lat' dir='ltr'>fuisse:</span> <span class='ocrx_word' id='word_1_206' title='bbox 361 2253 510 2292; x_wconf 85' lang='lat' dir='ltr'>Iovem</span> <span class='ocrx_word' id='word_1_207' title='bbox 564 2253 742 2302; x_wconf 46' lang='grc' dir='ltr'>Ἀγήτορα</span> <span class='ocrx_word' id='word_1_208' title='bbox 792 2254 835 2291; x_wconf 91' lang='lat' dir='ltr'>et</span> <span class='ocrx_word' id='word_1_209' title='bbox 881 2252 1142 2300; x_wconf 89' lang='lat' dir='ltr'>Apollinem.</span> <span class='ocrx_word' id='word_1_210' title='bbox 1190 2251 1314 2289; x_wconf 85' lang='lat' dir='ltr'>Unde</span> <span class='ocrx_word' id='word_1_211' title='bbox 1362 2251 1541 2299; x_wconf 88' lang='lat' dir='ltr'>apparet</span> <span class='ocrx_word' id='word_1_212' title='bbox 1589 2251 1788 2297; x_wconf 83' lang='lat' dir='ltr'>tempore</span> 
     </span>
    </p>
   </div>
   <div class='ocr_carea' id='block_1_3' title="bbox 159 2413 1789 2946">
    <p class='ocr_par' dir='ltr' id='par_1_5' title="bbox 207 2413 458 2453">
     <span class='ocr_line' id='line_1_27' title="bbox 207 2413 458 2453; baseline 0.008 -8"><span class='ocrx_word' id='word_1_213' title='bbox 207 2413 232 2452; x_wconf 77' lang='grc'>1)</span> <span class='ocrx_word' id='word_1_214' title='bbox 261 2416 357 2453; x_wconf 84' lang='lat' dir='ltr'>vm,</span> <span class='ocrx_word' id='word_1_215' title='bbox 386 2419 458 2447; x_wconf 87' lang='lat'>106.</span> 
     </span>
    </p>

    <p class='ocr_par' dir='ltr' id='par_1_6' title="bbox 204 2475 730 2516">
     <span class='ocr_line' id='line_1_28' title="bbox 204 2475 730 2516; baseline 0.004 -9"><span class='ocrx_word' id='word_1_216' title='bbox 204 2475 231 2515; x_wconf 78' lang='lat'>²)</span> <span class='ocrx_word' id='word_1_217' title='bbox 255 2476 305 2507; x_wconf 88' lang='lat' dir='ltr'>Cf.</span> <span class='ocrx_word' id='word_1_218' title='bbox 330 2480 392 2516; x_wconf 88' lang='lat' dir='ltr'>Ap.</span> <span class='ocrx_word' id='word_1_219' title='bbox 417 2478 526 2508; x_wconf 87' lang='lat' dir='ltr'>Bhod.</span> <span class='ocrx_word' id='word_1_220' title='bbox 551 2479 607 2515; x_wconf 90' lang='lat' dir='ltr'>IV,</span> <span class='ocrx_word' id='word_1_221' title='bbox 634 2480 730 2509; x_wconf 85' lang='lat'>1218.</span> 
     </span>
    </p>

    <p class='ocr_par' dir='ltr' id='par_1_7' title="bbox 159 2535 1789 2638">
     <span class='ocr_line' id='line_1_29' title="bbox 201 2535 1789 2577; baseline -0.003 -9"><span class='ocrx_word' id='word_1_222' title='bbox 201 2536 229 2575; x_wconf 79' lang='lat'>3)</span> <span class='ocrx_word' id='word_1_223' title='bbox 253 2539 355 2568; x_wconf 85' lang='lat' dir='ltr'>Arist.</span> <span class='ocrx_word' id='word_1_224' title='bbox 381 2548 412 2569; x_wconf 89' lang='lat' dir='ltr'>u.</span> <span class='ocrx_word' id='word_1_225' title='bbox 437 2540 549 2569; x_wconf 85' lang='lat' dir='ltr'>Athen</span> <span class='ocrx_word' id='word_1_226' title='bbox 574 2549 605 2577; x_wconf 88' lang='lat' dir='ltr'>p.</span> <span class='ocrx_word' id='word_1_227' title='bbox 632 2540 673 2569; x_wconf 84' lang='lat'>25</span> <span class='ocrx_word' id='word_1_228' title='bbox 703 2542 736 2569; x_wconf 85' lang='lat' dir='ltr'>et</span> <span class='ocrx_word' id='word_1_229' title='bbox 761 2542 812 2569; x_wconf 80' lang='lat'>44.</span> <span class='ocrx_word' id='word_1_230' title='bbox 839 2540 906 2569; x_wconf 86' lang='lat' dir='ltr'>Sed</span> <span class='ocrx_word' id='word_1_231' title='bbox 931 2541 973 2570; x_wconf 89' lang='lat' dir='ltr'>cf.</span> <span class='ocrx_word' id='word_1_232' title='bbox 997 2540 1128 2570; x_wconf 83' lang='lat' dir='ltr'>Usener</span> <span class='ocrx_word' id='word_1_233' title='bbox 1153 2540 1214 2569; x_wconf 84' lang='lat' dir='ltr'>Rh.</span> <span class='ocrx_word' id='word_1_234' title='bbox 1235 2540 1279 2569; x_wconf 93' lang='lat' dir='ltr'>M.</span> <span class='ocrx_word' id='word_1_235' title='bbox 1299 2539 1383 2569; x_wconf 91' lang='lat' dir='ltr'>LIII</span> <span class='ocrx_word' id='word_1_236' title='bbox 1397 2540 1478 2573; x_wconf 81' lang='lat'><strong>3603</strong></span> <span class='ocrx_word' id='word_1_237' title='bbox 1503 2538 1646 2575; x_wconf 83' lang='lat' dir='ltr'>Gruppe</span> <span class='ocrx_word' id='word_1_238' title='bbox 1669 2537 1726 2565; x_wconf 84' lang='lat' dir='ltr'>Gr.</span> <span class='ocrx_word' id='word_1_239' title='bbox 1744 2535 1789 2565; x_wconf 87' lang='lat' dir='ltr'>M.</span> 
     </span>
     <span class='ocr_line' id='line_1_30' title="bbox 159 2600 1116 2638; baseline 0.002 -10"><span class='ocrx_word' id='word_1_240' title='bbox 159 2608 193 2637; x_wconf 86' lang='lat' dir='ltr'>p.</span> <span class='ocrx_word' id='word_1_241' title='bbox 219 2600 302 2629; x_wconf 84' lang='lat'>1231</span> <span class='ocrx_word' id='word_1_242' title='bbox 330 2602 363 2629; x_wconf 84' lang='lat' dir='ltr'>et</span> <span class='ocrx_word' id='word_1_243' title='bbox 389 2601 474 2630; x_wconf 84' lang='lat'>1232</span> <span class='ocrx_word' id='word_1_244' title='bbox 501 2602 584 2630; x_wconf 87' lang='lat' dir='ltr'>Ann.</span> <span class='ocrx_word' id='word_1_245' title='bbox 614 2603 628 2630; x_wconf 86' lang='lat'>1</span> <span class='ocrx_word' id='word_1_246' title='bbox 656 2600 716 2630; x_wconf 80' lang='lat' dir='ltr'>ubi</span> <span class='ocrx_word' id='word_1_247' title='bbox 743 2601 829 2630; x_wconf 84' lang='lat' dir='ltr'>aliae</span> <span class='ocrx_word' id='word_1_248' title='bbox 855 2601 1116 2638; x_wconf 81' lang='lat' dir='ltr'>explicationes.</span> 
     </span>
    </p>

    <p class='ocr_par' dir='ltr' id='par_1_8' title="bbox 204 2658 1142 2699">
     <span class='ocr_line' id='line_1_31' title="bbox 204 2658 1142 2699; baseline 0 -9"><span class='ocrx_word' id='word_1_249' title='bbox 204 2658 228 2695; x_wconf 76' lang='grc'>4)</span> <span class='ocrx_word' id='word_1_250' title='bbox 252 2660 371 2699; x_wconf 86' lang='lat' dir='ltr'>Steph.</span> <span class='ocrx_word' id='word_1_251' title='bbox 401 2660 479 2699; x_wconf 71' lang='lat' dir='ltr'>Byz.</span> <span class='ocrx_word' id='word_1_252' title='bbox 503 2663 523 2691; x_wconf 93' lang='lat' dir='ltr'>i.</span> <span class='ocrx_word' id='word_1_253' title='bbox 549 2671 578 2690; x_wconf 85' lang='lat' dir='ltr'>v.</span> <span class='ocrx_word' id='word_1_254' title='bbox 605 2660 654 2691; x_wconf 87' lang='lat' dir='ltr'>Cf.</span> <span class='ocrx_word' id='word_1_255' title='bbox 680 2660 762 2691; x_wconf 85' lang='lat' dir='ltr'>Fick</span> <span class='ocrx_word' id='word_1_256' title='bbox 785 2662 902 2699; x_wconf 86' lang='lat' dir='ltr'>Vorgr.</span> <span class='ocrx_word' id='word_1_257' title='bbox 929 2663 1041 2691; x_wconf 77' lang='lat' dir='ltr'>Ortsn.</span> <span class='ocrx_word' id='word_1_258' title='bbox 1069 2662 1142 2691; x_wconf 88' lang='lat'>135.</span> 
     </span>
    </p>

    <p class='ocr_par' dir='ltr' id='par_1_9' title="bbox 205 2720 585 2760">
     <span class='ocr_line' id='line_1_32' title="bbox 205 2720 585 2760; baseline 0 -8"><span class='ocrx_word' id='word_1_259' title='bbox 205 2720 233 2759; x_wconf 78' lang='lat'>⁵)</span> <span class='ocrx_word' id='word_1_260' title='bbox 260 2722 368 2752; x_wconf 88' lang='lat' dir='ltr'>Thuc.</span> <span class='ocrx_word' id='word_1_261' title='bbox 393 2724 449 2760; x_wconf 89' lang='grc' dir='ltr'>ΙΙ,</span> <span class='ocrx_word' id='word_1_262' title='bbox 476 2725 527 2756; x_wconf 89' lang='grc'>30,</span> <span class='ocrx_word' id='word_1_263' title='bbox 556 2724 585 2752; x_wconf 87' lang='grc'>2.</span> 
     </span>
    </p>

    <p class='ocr_par' dir='ltr' id='par_1_10' title="bbox 207 2779 587 2822">
     <span class='ocr_line' id='line_1_33' title="bbox 207 2779 587 2822; baseline 0.005 -10"><span class='ocrx_word' id='word_1_264' title='bbox 207 2779 236 2821; x_wconf 76' lang='lat'>⁶)</span> <span class='ocrx_word' id='word_1_265' title='bbox 261 2784 359 2813; x_wconf 86' lang='lat' dir='ltr'>Paus.</span> <span class='ocrx_word' id='word_1_266' title='bbox 384 2784 455 2822; x_wconf 88' lang='lat' dir='ltr'>III,</span> <span class='ocrx_word' id='word_1_267' title='bbox 481 2786 534 2820; x_wconf 82' lang='lat'>20,</span> <span class='ocrx_word' id='word_1_268' title='bbox 559 2786 587 2814; x_wconf 88' lang='grc'>9.</span> 
     </span>
    </p>

    <p class='ocr_par' dir='ltr' id='par_1_11' title="bbox 208 2843 547 2884">
     <span class='ocr_line' id='line_1_34' title="bbox 208 2843 547 2884; baseline 0.003 -8"><span class='ocrx_word' id='word_1_269' title='bbox 208 2843 237 2884; x_wconf 94' lang='lat'>⁷)</span> <span class='ocrx_word' id='word_1_270' title='bbox 260 2847 388 2877; x_wconf 82' lang='lat' dir='ltr'>Anecd.</span> <span class='ocrx_word' id='word_1_271' title='bbox 412 2848 447 2884; x_wconf 88' lang='grc' dir='ltr'>Ι,</span> <span class='ocrx_word' id='word_1_272' title='bbox 473 2849 547 2877; x_wconf 90' lang='lat'>305.</span> 
     </span>
    </p>

    <p class='ocr_par' dir='ltr' id='par_1_12' title="bbox 211 2904 884 2946">
     <span class='ocr_line' id='line_1_35' title="bbox 211 2904 884 2946; baseline -0.004 -8"><span class='ocrx_word' id='word_1_273' title='bbox 211 2904 239 2945; x_wconf 79' lang='lat'>8)</span> <span class='ocrx_word' id='word_1_274' title='bbox 260 2909 326 2938; x_wconf 84' lang='lat' dir='ltr'>Sic.</span> <span class='ocrx_word' id='word_1_275' title='bbox 351 2909 490 2946; x_wconf 79' lang='lat' dir='ltr'>scripsi;</span> <span class='ocrx_word' id='word_1_276' title='bbox 516 2908 680 2938; x_wconf 83' lang='lat' dir='ltr'>traditum</span> <span class='ocrx_word' id='word_1_277' title='bbox 706 2910 757 2937; x_wconf 82' lang='lat' dir='ltr'>est</span> <span class='ocrx_word' id='word_1_278' title='bbox 780 2909 884 2936; x_wconf 77' lang='grc' dir='ltr'><em>τόπον.</em></span> 
     </span>
    </p>
   </div>
   <div class='ocr_carea' id='block_1_4' title="bbox 166 2962 1795 3070">
    <p class='ocr_par' dir='ltr' id='par_1_13' title="bbox 166 2962 1795 3070">
     <span class='ocr_line' id='line_1_36' title="bbox 210 2962 1795 3008; baseline -0.006 -8"><span class='ocrx_word' id='word_1_279' title='bbox 210 2967 238 3006; x_wconf 83' lang='lat'>⁹)</span> <span class='ocrx_word' id='word_1_280' title='bbox 262 2971 448 3008; x_wconf 80' lang='lat' dir='ltr'>Proposuit</span> <span class='ocrx_word' id='word_1_281' title='bbox 483 2970 519 2999; x_wconf 93' lang='lat' dir='ltr'>O.</span> <span class='ocrx_word' id='word_1_282' title='bbox 556 2969 701 2999; x_wconf 83' lang='lat' dir='ltr'>Mueller</span> <span class='ocrx_word' id='word_1_283' title='bbox 737 2967 923 3004; x_wconf 85' lang='lat' dir='ltr'>legendum</span> <span class='ocrx_word' id='word_1_284' title='bbox 961 2967 1123 3004; x_wconf 75' lang='grc' dir='ltr'><em>δαιμόνων.</em></span> <span class='ocrx_word' id='word_1_285' title='bbox 1158 2966 1313 2996; x_wconf 77' lang='lat' dir='ltr'>Nilsson:</span> <span class='ocrx_word' id='word_1_286' title='bbox 1351 2968 1513 3001; x_wconf 66' lang='grc' dir='ltr'>πομπεῦοι-</span> <span class='ocrx_word' id='word_1_287' title='bbox 1548 2971 1611 3001; x_wconf 87' lang='lat' dir='ltr'>pro</span> <span class='ocrx_word' id='word_1_288' title='bbox 1647 2962 1795 2998; x_wconf 73' lang='grc' dir='ltr'><em>πομπέων</em></span> 
     </span>
     <span class='ocr_line' id='line_1_37' title="bbox 166 3030 547 3070; baseline -0.003 -9"><span class='ocrx_word' id='word_1_289' title='bbox 166 3032 259 3070; x_wconf 86' lang='lat' dir='ltr'>quod</span> <span class='ocrx_word' id='word_1_290' title='bbox 283 3030 399 3061; x_wconf 86' lang='lat' dir='ltr'>minus</span> <span class='ocrx_word' id='word_1_291' title='bbox 422 3032 547 3070; x_wconf 85' lang='lat' dir='ltr'>placet.</span> 
     </span>
    </p>
   </div>
  </div>
 </body>
</html>
