2200 3487
386 325 439 362 56
1075 332 1128 360 DE:
1161 330 1305 359 ArAcn.

378 446 647 484 homericum
683 445 796 484 Clari
830 445 1017 483 mortem
1061 443 1238 490 obiisse,
1283 442 1490 490 populum
1531 451 1650 490 vero,
1686 442 1751 480 cui
1783 443 2004 490 praeesset

378 521 568 559 Taurum
611 522 808 559 montem
850 528 1097 566 superasse,
1142 516 1234 562 τοὺς
1277 514 1348 566 μὲν
1392 515 1433 554 ἐν
1473 517 1696 569 Παμφυλία
1738 519 1868 565 μεῖναι
1911 515 2002 561 τοὺς

379 592 415 633 δ’
448 595 488 634 ἐν
523 596 681 647 Κιλικία
713 597 954 644 μερισθῆναι
988 591 1053 630 καὶ
1086 592 1217 645 Συρία
1251 590 1360 643 μέχρι
1379 591 1444 630 καὶ
1481 592 1692 642 Φοινίκηςέ
1731 590 1809 644 (Cf.
1845 591 2000 629 Herod.

379 671 474 718 VII,
516 672 583 708 91.
620 670 744 708 Paus.
787 669 881 716 VII,
918 670 960 716 3,
997 669 1051 712 4).
1087 667 1300 716 Quidvero
1334 668 1384 707 de
1418 668 1595 707 Teucris
1629 667 1787 706 habet?
1820 666 2002 704 Venisse

379 756 452 784 eos
495 756 516 783 e
550 744 693 792 Creta,
730 743 955 782 oraculum
989 742 1042 780 iis
1074 743 1232 781 fuisse:
1271 741 1444 791 ,,αὐτόθι
1475 742 1724 792 ποιήσασθαι
1756 740 1827 791 τὴν
1861 739 2004 790 μονήν,

379 820 479 858 ὅπου
513 818 561 857 ἂν
595 819 635 858 οἱ
663 821 840 870 γηγενεῖς
875 817 1011 863 αὐτοῖς
1045 816 1276 855 ἐπιθῶνται·
1305 818 1510 868 συμβῆναι
1544 814 1586 855 δὲ
1614 813 1716 855 τοῦτ’
1750 815 1884 861 αὐτοῖς
1903 826 2004 864 φασι

375 894 464 945 περὶ
501 894 712 943 Ἀμαξιτόν·
748 893 901 941 νύκτωρ
936 892 1008 943 γὰρ
1043 892 1146 930 πολὺ
1181 895 1338 942 πλῆθος
1373 898 1450 930 τῶν
1483 890 1714 942 ἀρουραίων
1747 896 1860 940 μυῶν
1893 889 2002 937 ἐξαν-

377 972 514 1018 θῆσαν
548 970 761 1020 διαφαγεῖν
796 968 868 1006 ὅσα
902 968 1068 1006 σκύτινα
1102 973 1178 1006 τῶν
1207 982 1244 1005 τε
1273 966 1408 1006 ὅπλων
1435 965 1501 1005 καὶ
1528 973 1605 1005 τῶν
1632 966 1888 1017 χρηστηρίων·
1915 965 2006 1012 τοὺς

379 1042 421 1082 δὲ
462 1044 605 1083 αὐτόθι
639 1045 799 1092 μεῖναι”
835 1041 992 1095 (strab.
1027 1043 1132 1081 XIII
1166 1039 1287 1096 604).
1322 1044 1416 1082 Iam
1449 1043 1726 1091 intellexisti,
1761 1052 1844 1089 qua
1876 1041 1927 1079 de
1960 1051 2005 1080 re

378 1123 551 1168 agatur:
602 1120 908 1167 explicandum
958 1121 1052 1157 erat
1094 1119 1312 1167 Apollinis
1355 1129 1594 1167 cognomen
1633 1118 1858 1168 Σμινθεύς,
1891 1117 2003 1164 quod

375 1196 463 1233 iam
510 1195 553 1232 in
599 1195 730 1233 Iliade
777 1195 905 1242 gerit,
956 1194 1061 1232 licet
1108 1194 1263 1233 Teucri
1305 1194 1362 1232 ibi
1395 1194 1485 1232 sint
1516 1194 1676 1242 ignoti;
1711 1195 1840 1241 atque
1872 1191 2002 1232 simul

377 1270 682 1317 explicandum
716 1271 827 1318 erat,
864 1279 939 1307 cur
965 1269 1008 1306 in
1037 1269 1202 1307 Troade
1230 1269 1384 1308 Teucri
1412 1269 1730 1316 consedissent,
1751 1269 1802 1307 de
1819 1276 2003 1316 quorum

379 1344 718 1383 commoratione
746 1344 788 1381 in
817 1343 981 1381 Troade
1009 1345 1107 1392 post
1134 1343 1350 1382 Gallinum
1380 1344 1549 1392 primus
1574 1345 1793 1382 memorat
1816 1343 2004 1382 Herodo-

377 1421 460 1457 tus.
494 1420 599 1468 Quid
629 1421 671 1457 et
698 1419 913 1467 quomodo
948 1419 1017 1457 hic
1044 1420 1195 1457 auctor
1224 1419 1274 1457 de
1292 1419 1346 1457 iis
1363 1419 1534 1457 locutus
1552 1419 1651 1457 est?
1671 1418 1859 1467 „Xerxis
1878 1428 2005 1467 expe·
2063 1412 2068 1418 ’

376 1497 498 1543 ditio,
535 1496 571 1533 si
604 1496 831 1533 hominum
865 1495 1197 1533 multitudinem
1232 1498 1423 1544 spectas,
1453 1497 1678 1543 superavit
1707 1504 1860 1533 omnes
1889 1495 2006 1541 quot-

377 1573 481 1617 quot
514 1572 798 1618 susceperunt
829 1570 1133 1619 praecedentia
1164 1581 1323 1618 genera
1355 1570 1596 1609 hominum.
1626 1570 1737 1609 Nam
1770 1569 1878 1607 nihil
1903 1578 2006 1618 prae

378 1645 453 1683 illa
480 1645 563 1683 fuit
590 1645 811 1693 Scythica,
839 1645 947 1683 nihil
976 1642 1151 1691 ὅστόλος
1179 1651 1256 1683 τῶν
1286 1644 1509 1696 Ἀτρειδέων
1538 1644 1575 1691 ἐς
1594 1643 1732 1694 Ἴλιον,
1749 1644 1855 1683 nihil
1873 1645 2006 1683 etiam

378 1718 397 1757 ὁ
431 1725 507 1757 τῶν
540 1722 700 1758 ΝΙυσῶν
733 1735 771 1758 τε
804 1718 869 1757 καὶ
906 1722 1091 1771 Τευκρῶν
1125 1718 1144 1759 ὅ
1173 1720 1269 1772 πρὸ
1299 1726 1394 1759 τῶν
1425 1723 1669 1772 Τρωικῶν
1696 1719 2005 1771 γενόμενος,

379 1796 416 1833 οἳ
448 1795 654 1845 διαβάντες
687 1794 724 1841 ἐς
758 1794 829 1845 τὴν
864 1795 1070 1847 Εὐρώπην
1104 1795 1167 1834 ἐπὶ
1200 1795 1268 1834 τὸν
1296 1793 1442 1835 Ἰόνιον
1470 1796 1618 1834 πόντον
1646 1794 1870 1846 κατέβησαν
1896 1793 2005 1845 μέχρι

378 1885 415 1908 τε
463 1872 643 1920 Πηνειοῦ
692 1876 875 1921 ποταμοῦ
924 1870 965 1909 τὸ
1008 1870 1106 1921 πρὸς
1150 1871 1398 1922 μεσαμβρίης
1440 1870 1636 1922 ἤλασαν”.
1680 1871 1834 1910 Teucri
1874 1871 2006 1918 igitur

397 1947 489 1984 este
532 1946 750 1985 Herodoto
796 1947 884 1985 iam
928 1948 1030 1985 ante
1073 1947 1237 1985 bellum
1280 1947 1516 1986 Troianum
1550 1948 1593 1985 in
1622 1947 1786 1985 Troade
1818 1946 2003 1985 fuerunt.

377 2023 435 2060 At
468 2022 684 2060 Homerus
716 2032 790 2061 eos
818 2023 1008 2070 ignorat;
1054 2023 1206 2061 Teucri
1234 2025 1383 2062 autem
1423 2034 1582 2062 nomen
1616 2024 1790 2071 saepius
1817 2031 2001 2061 comme-

378 2099 536 2145 morat,
567 2097 719 2136 Graeci
745 2099 866 2146 puta,
895 2098 1041 2137 Aiacis
1069 2099 1236 2147 fratris,
1257 2100 1320 2136 ita
1339 2101 1388 2137 ut
1407 2099 1488 2137 dici
1518 2099 1631 2137 haud
1659 2099 1798 2147 possit
1824 2097 2002 2137 fortuito

377 2172 638 2211 Teucrorum
671 2174 846 2220 poetam
880 2173 1064 2212 oblitum
1099 2183 1208 2213 esse.

436 2248 496 2286 En
535 2250 702 2297 autem,
736 2249 885 2295 quinto
917 2249 1026 2287 libro
1059 2252 1106 2294 (c.
1131 2250 1225 2295 122)
1256 2249 1504 2289 Herodotus
1533 2252 1701 2298 narrat,
1732 2250 1888 2288 Persas
1906 2250 1999 2288 sub-

377 2324 530 2361 iecisse
574 2325 614 2361 et
656 2323 763 2362 alios
803 2326 845 2363 et
878 2322 1076 2376 Γέργιθας
1110 2324 1202 2371 τοὺς
1236 2324 1558 2374 ὑπολειφθέντας
1590 2331 1668 2363 τῶν
1700 2323 1872 2376 ἀρχαίων
1907 2328 2002 2364 Τευ-

378 2404 504 2447 κρῶν;
549 2399 645 2447 VII,
681 2400 735 2447 43
769 2400 972 2438 nominat
1005 2399 1205 2451 Γέργιθας
1243 2401 1454 2450 Τευκρούς.
1488 2401 1640 2450 Gergis
1672 2398 1877 2450 oppidum
1911 2403 2005 2440 erat

377 2483 506 2521 prope
540 2484 564 2511 a
596 2474 855 2522 Lampsaco;
892 2475 1142 2525 GergItheS,
1174 2478 1285 2515 teste
1316 2477 1543 2516 Athenaeo
1569 2477 1652 2515 XII
1675 2487 1713 2525 p.
1733 2477 1838 2525 524,
1869 2476 2002 2514 Mileti

377 2549 707 2597 appellabantur
740 2549 781 2587 οἵ
804 2550 976 2600 ὃημοταί
1001 2553 1027 2591 i.
1057 2563 1091 2590 e.
1121 2553 1420 2600 antiquissimi
1450 2552 1615 2591 incolae
1643 2563 1667 2590 a
1693 2552 1820 2590 novis
1838 2551 2002 2590 colonis

377 2624 560 2662 subacti.
594 2625 641 2661 In
675 2625 848 2663 oraculo
881 2626 939 2664 ibi
974 2627 1107 2665 allato
1140 2628 1320 2666 audiunt
1348 2625 1537 2678 Γέργιθες
1564 2625 1850 2676 ἀπτολέμιστοι.
1878 2625 1999 2664 Deni-

379 2711 459 2748 que
511 2700 664 2740 Herod.
714 2701 748 2736 V
801 2703 850 2740 13
894 2702 1074 2741 Paeones
1117 2703 1346 2752 perhibent
1388 2713 1434 2742 se
1475 2713 1571 2741 esse
1617 2704 1801 2751 Τευκρῶν
1841 2707 1918 2739 τῶν
1961 2699 2001 2738 ἐκ

382 2775 524 2825 Τροίης
558 2773 763 2820 ἀποίκους.

440 2850 545 2898 Quid
598 2850 648 2888 de
696 2851 813 2889 hisce
861 2853 1065 2891 omnibus
1109 2854 1425 2892 statuendum?
1471 2853 1605 2891 Docet
1652 2852 1899 2891 Herodotus
1948 2874 1999 2878 —

380 2936 516 2972 neque
550 2926 810 2964 adversatur
844 2927 881 2965 ei
915 2927 1109 2966 Gallinus
1146 2952 1194 2956 -
1234 2930 1322 2968 iam
1355 2931 1456 2967 ante
1488 2928 1641 2966 Troica
1672 2927 1786 2966 bella
1811 2928 2002 2975 priscum

378 3000 583 3048 populum
633 3001 894 3039 Teucrorum
943 3003 1072 3041 simu]
1127 3014 1225 3042 cum
1276 3005 1409 3051 Mysis
1456 3004 1499 3041 in
1541 3003 1758 3051 Europam
1801 3013 1855 3041 ex
1897 3003 2003 3041 Asia
