2141 3487
812 329 864 356 DE
897 328 1096 358 CARNEIS.
1691 319 1764 355 181

146 443 302 493 Mfldng
350 442 548 492 ἀμείλιχος
592 438 651 492 ’ἠδ’
696 439 923 490 ἀδάμαστος
951 437 976 484 1)
1018 440 1076 478 ibi
1121 440 1324 478 audiebat
1357 441 1590 487 Admetus;
1626 441 1772 478 Brimo

145 518 255 556 forte
289 516 482 566 Ἀδμήτου
511 515 624 566 Κόρη
646 512 689 561 2).

205 592 425 630 Habemus
457 592 499 630 in
533 591 686 630 nucleo
719 600 804 629 non
840 589 969 628 modo
998 589 1235 628 Alcestidis
1262 589 1454 627 fabulam
1485 589 1771 638 euripideam,

143 668 218 705 sed
266 667 306 705 id
355 676 521 714 quoque
564 665 875 714 perspicimus,
919 674 997 713 par
1036 664 1142 702 illud
1184 664 1384 712 deorum,
1420 664 1565 702 Brimo
1599 665 1642 702 et
1674 664 1775 702 Mer-

143 743 332 791 curium,
371 743 516 792 Φεραῖς
549 740 591 780 ἐν
624 740 894 790 πολυρρήνοις
925 762 976 767 -
1005 740 1079 778 ubi
1103 739 1315 787 regnabat
1342 749 1419 778 rex
1443 735 1640 787 Ἐὐμηλος
1664 734 1694 783 ³)
1725 760 1776 765 -

142 818 424 865 honoratum,
467 827 622 856 revera
664 826 762 855 esse
798 815 866 854 τὸν
903 815 1136 865 Κριοφόρου
1169 815 1269 853 θεόν
1304 817 1347 853 et
1372 813 1553 865 ’Ἄρτεμιν
1585 812 1780 863 κερασφό-

138 907 228 942 ρον,
273 893 338 931 vel
381 893 527 941 potius
569 892 707 930 Deum
742 891 1023 938 Cornigerum
1059 893 1102 928 et
1135 890 1270 929 Deam
1304 889 1564 938 cornutam,
1599 888 1783 927 numina

141 969 274 1016 igitur
322 967 510 1018 Κάρνεια.
561 968 652 1016 Qua
694 970 840 1006 autem
888 967 1169 1005 veneratione
1201 966 1386 1004 numina
1418 965 1493 1003 illa
1524 964 1782 1002 fruebantur

141 1044 256 1082 inter
287 1046 485 1091 pastores
517 1043 930 1091 Peloponnesiacos,
966 1042 1117 1080 eadem
1153 1042 1196 1079 in
1224 1040 1457 1079 Thessalia
1484 1039 1782 1079 afficiebantur

144 1129 169 1158 a
202 1119 423 1157 Pheraeis.

202 1193 310 1232 Cum
353 1204 454 1232 vero
497 1195 705 1242 appareat
747 1192 942 1231 Alcestin
985 1192 1037 1230 ab
1072 1193 1201 1230 heroe
1235 1192 1425 1238 quodam
1463 1190 1630 1244 Θανάτῳ
1664 1200 1779 1238 erep-

145 1270 238 1307 tam
280 1270 323 1307 et
365 1269 512 1307 Brimo
555 1278 580 1306 a
616 1268 828 1306 daemone
861 1277 917 1305 ex
949 1266 1102 1305 inferis
1135 1266 1179 1304 in
1213 1266 1355 1304 lucem
1389 1265 1614 1304 reductam
1649 1274 1778 1302 unani

146 1345 415 1392 eandemque
458 1354 555 1383 esse
596 1344 743 1392 deam,
791 1353 931 1390 neque
974 1343 1027 1380 ab
1061 1342 1225 1380 Hecate
1258 1342 1500 1390 diversam,
1536 1341 1700 1379 clarum
1735 1339 1782 1377 fit

146 1430 261 1459 nexu
293 1421 500 1458 interiore
529 1419 727 1458 Alcestin
754 1428 854 1457 cum
883 1417 1061 1456 Carneis
1090 1427 1188 1456 esse
1217 1418 1517 1465 coniunctam,
1548 1415 1785 1455 Alcestidis

146 1495 296 1533 laudes
328 1493 594 1533 Carneorum
626 1494 764 1532 fuisse
799 1496 969 1541 partem
1004 1502 1192 1531 sacram.

206 1571 422 1609 Admetus
465 1572 634 1618 autem,
677 1569 749 1616 qui
791 1569 833 1606 in
873 1569 1027 1615 mytho
1061 1567 1372 1615 antiquissimo
1404 1567 1530 1604 iuxta
1563 1566 1709 1604 Brimo
1743 1568 1786 1603 et

152 1645 412 1685 Mercurium
445 1649 592 1693 partes
619 1644 775 1692 agebat
803 1644 918 1682 haud
946 1644 1095 1690 exigui
1123 1643 1356 1691 momenti,
1387 1643 1429 1679 in
1458 1641 1637 1680 Carneis
1665 1641 1788 1680 exuit

151 1724 246 1761 tam
289 1721 547 1759 daemonem
591 1729 718 1767 quam
764 1729 911 1767 regem
954 1719 1184 1765 factusque
1228 1719 1296 1756 est
1337 1718 1544 1765 sacerdos,
1587 1714 1786 1765 ’ὑπηρέτης

152 1802 230 1834 τῶν
271 1800 391 1834 θεῶν.
434 1795 679 1833 Miserrima
715 1794 909 1842 profecto
942 1804 1050 1832 usus
1084 1795 1152 1831 est
1183 1794 1302 1832 sorte
1334 1791 1507 1842 ἅὸμητος
1541 1791 1629 1840 ille,
1666 1791 1790 1829 cuius

153 1871 398 1911 divinitatis
439 1881 610 1909 memor
650 1874 803 1919 postea
834 1871 930 1908 erat
955 1879 1112 1922 nemo,
1147 1869 1270 1907 cuius
1301 1868 1537 1916 potestatis
1569 1866 1713 1914 regiae
1745 1864 1786 1903 ἐν

154 1947 378 1997 παροινίοις
410 1948 540 1985 modo
574 1946 869 1984 meminerant
899 1945 1119 1983 homines!

201 2115 225 2155 ¹)
249 2118 350 2147 Hom.
374 2118 390 2146 I
416 2119 488 2147 158.

199 2177 226 2220 ²)
250 2178 398 2215 Hesych.
423 2179 444 2208 i.
468 2187 498 2207 v.

198 2238 227 2279 3)
251 2240 351 2269 Hom.
378 2239 394 2268 ὁ
421 2239 495 2269 768.
