2200 3487
467 343 546 379 186
945 352 996 378 DE
1028 350 1314 379 EUGAMMONIS
1346 351 1601 381 TELEGONIA.

462 466 502 502 ei
550 464 836 512 Agamedem,
884 464 986 511 (ilios
1026 463 1176 511 Eryim‘
1216 463 1323 511 reyis
1366 463 1773 512 Orchomeniorum,
1818 464 2083 503 architectos

460 538 765 577 celeberrimos
805 538 896 586 regi
942 539 1080 577 vicino
1115 538 1276 585 Hyrieo
1308 538 1568 576 thesaurum
1602 537 1872 587 aedificasse,
1908 540 1949 577 et
1983 549 2082 577 eum

459 613 743 651 eodemmodo
786 623 882 651 esse
923 613 1226 660 depeculatos;
1270 613 1446 650 tandem
1483 613 1752 660 Agamedem
1785 612 1984 661 decipula
2014 613 2083 650 vel

458 687 543 725 alia
583 688 769 734 quadam
803 687 996 725 machina
1030 687 1172 737 (πάγας
1205 684 1229 735 ἢ
1261 701 1295 723 τι
1326 685 1391 723 καὶ
1424 685 1532 730 ἄλλο)
1566 688 1743 734 captum
1776 697 1895 734 esse;
1929 687 2082 725 deinde

457 762 751 810 Trophonium
787 762 961 809 proprio
1002 763 1116 799 motu
1148 761 1269 799 fratri
1303 763 1432 808 caput
1463 761 1744 810 praecidisse,
1779 771 1831 800 ne
1865 762 1934 800 hic
1966 762 2080 809 igno-

458 836 594 874 minia
635 836 874 874 afficeretur
914 836 1006 884 ipse
1040 846 1141 874 vero
1175 835 1374 874 conscius
1406 837 1655 884 appareret;
1689 846 1772 883 quo
1804 836 1919 874 facto
1951 847 2081 886 prope

458 911 701 949 Lebadeam
732 912 848 949 terra
879 911 1018 949 scissa
1050 911 1308 949 devoratum
1343 920 1443 948 eum
1475 920 1587 948 esse.

516 986 712 1025 Tertium
753 986 958 1033 mythum
1000 985 1276 1024 subsimilem
1319 985 1499 1023 tradidit
1539 984 1711 1023 Charax
1752 986 1955 1025 sacerdos
1986 986 2082 1024 Per-

455 1071 686 1109 gamenus,
735 1061 808 1107 qui
855 1070 940 1099 non
982 1060 1122 1098 multo
1165 1061 1266 1098 ante
1308 1060 1570 1098 Pausaniam
1612 1061 1687 1099 sed
1728 1062 1825 1109 post
1865 1061 2079 1099 Neronem

458 1136 580 1174 vixit.
624 1135 869 1173 Traduntur
912 1135 1028 1173 enim
1070 1135 1113 1173 in
1156 1135 1297 1173 Schol.
1336 1135 1389 1173 ad
1422 1134 1530 1174 Nub.
1564 1145 1627 1174 vs.
1662 1135 1746 1173 508
1780 1135 1906 1174 haec:
1943 1136 2079 1184 „Aga-

456 1211 604 1249 medes
647 1210 802 1248 archon
845 1208 1078 1258 Stymphali
1118 1209 1328 1248 Arcadiae
1367 1210 1487 1247 urhis
1519 1209 1563 1247 in
1595 1210 1931 1248 matrimonium
1963 1209 2082 1248 ducit

456 1286 702 1334 Epicasten,
749 1285 816 1323 cui
860 1283 976 1322 filius
1018 1283 1172 1329 σκότιος
1215 1285 1308 1322 erat
1347 1283 1635 1332 Trophonius.
1678 1284 1760 1322 Hic
1797 1294 1896 1323 oum
1930 1284 2081 1322 vitrico

457 1362 715 1399 thesaurum
759 1358 957 1397 aedificat
999 1359 1088 1407 regi
1130 1359 1266 1397 Elidis
1307 1359 1490 1407 Augiae,
1524 1369 1653 1405 quem
1686 1359 1838 1397 deinde
1870 1369 1920 1397 eo
1952 1368 2081 1406 quem

458 1434 707 1474 audivimus
739 1433 836 1472 dolo
860 1434 926 1471 usi
944 1433 1207 1482 despoliant,
1228 1433 1387 1472 comite
1405 1433 1598 1471 adhibito
1617 1432 1836 1480 Cercyone
1854 1433 2010 1472 iuvene
2028 1443 2084 1471 ex

458 1510 681 1558 Epicastes
723 1510 766 1546 et
799 1508 1036 1556 Agamedis
1068 1508 1197 1546 iustis
1227 1508 1392 1556 nuptiis
1423 1510 1540 1547 nato.
1574 1508 1656 1546 Sed
1687 1507 1867 1546 Daedali
1898 1507 2081 1557 auxilio,

459 1585 531 1631 qui
581 1583 693 1622 forte
746 1583 798 1622 ad
845 1584 1031 1631 Augiam
1079 1583 1345 1632 deverterat,
1394 1582 1657 1630 illaqueatus
1704 1583 1770 1620 est
1815 1582 2083 1630 Agamedes;

458 1658 729 1707 Trophonius
761 1661 910 1697 autem
943 1660 1114 1697 mortuo
1148 1660 1277 1706 caput
1308 1657 1502 1696 desecuit
1530 1658 1572 1696 et
1597 1667 1696 1695 cum
1724 1656 1942 1704 Cercyone
1968 1657 2080 1705 fugit

458 1736 795 1774 Orchomenum.
829 1734 942 1782 Quos
975 1744 1074 1773 cum
1108 1734 1272 1782 Augias
1302 1733 1490 1772 Daedalo
1517 1735 1722 1771 monente
1750 1734 2080 1780 persequeretur

457 1810 555 1861 πρὸς
599 1809 670 1859 τὴν
711 1816 788 1847 τῶν
831 1809 1009 1859 αἱμάτων
1040 1808 1217 1858 ἔκλυσιν,
1250 1808 1441 1856 Cercyon
1473 1809 1670 1848 Athenas
1702 1808 1861 1856 evasit,
1895 1807 2077 1855 Tropho-

457 1886 555 1924 nius
596 1885 858 1934 Lebadeam,
903 1884 974 1922 ubi
1016 1885 1059 1922 in
1091 1884 1297 1932 spelunca
1328 1894 1463 1930 usque
1495 1883 1548 1922 ad
1580 1885 1769 1921 mortem
1802 1882 1936 1929 vixit;
1970 1892 2078 1921 mor-

456 1966 560 2001 tuus
593 1961 717 2008 quasi
750 1961 855 1999 deus
888 1960 1087 1999 colitur.'’

517 2038 624 2086 Quid
671 2037 754 2075 Sibi
802 2036 939 2074 velint
986 2036 1118 2074 verba
1164 2034 1261 2086 πρὸς
1309 2033 1378 2084 τὴν
1429 2041 1502 2072 τῶν
1549 2034 1724 2084 αἱμάτων
1771 2034 1947 2086 ἔκλυσιν,
1992 2046 2079 2076 non

459 2115 604 2160 video;
634 2123 737 2151 nam
764 2112 947 2161 Augias,
975 2122 1053 2150 rex
1080 2111 1310 2160 spoliatUS,
1341 2120 1425 2149 non
1455 2113 1549 2149 erat
1576 2111 1630 2159 is,
1659 2112 1731 2158 qui
1758 2113 1945 2150 mortem
1963 2121 2080 2160 prae-

457 2189 582 2228 donis
616 2188 833 2226 vindicare
866 2186 1041 2225 deberet
1073 2186 1142 2225 vel
1174 2187 1535 2234 interemptorem
1568 2187 1619 2224 ad
1648 2186 1868 2234 piaculum
1895 2186 2084 2226 lustran-

459 2266 561 2304 dum
597 2264 783 2310 cogeret.
819 2261 1009 2300 Offendit
1040 2271 1208 2309 quoque
1240 2260 1407 2309 plurale
1441 2260 1695 2310 αἱμάτων;
1727 2271 1859 2308 quare
1890 2272 2080 2310 propono

458 2339 556 2391 πρὸς
588 2336 659 2387 τὴν
692 2343 769 2374 τῶν
801 2337 1009 2387 χρημάτων
1043 2335 1214 2374 ἔκδοσιν.

518 2414 617 2454 Fuit
667 2414 781 2452 haud
828 2413 954 2451 dubie
1001 2412 1217 2450 eiusmodi
1258 2411 1424 2460 fabula,
1467 2422 1597 2459 quam
1641 2412 1906 2460 insculptam
1946 2412 2082 2452 fuisse

459 2495 645 2537 cratera,
689 2499 772 2536 qua
804 2488 1054 2536 Polyxenus
1085 2487 1250 2535 Augiae
1289 2496 1423 2535 nepos
1459 2486 1632 2525 Ulixem
1666 2487 1864 2535 donavit,
1896 2486 2083 2535 legimus

459 2569 569 2618 apud
601 2566 803 2605 Proclum
835 2566 878 2602 in
911 2563 1290 2611 Chrestomathia;
1325 2564 1429 2601 sunt
1460 2561 1592 2601 verba
1622 2563 1751 2601 haec:

519 2640 786 2693 ,,Τηλεγονίας
833 2640 966 2690 βιβλία
1016 2640 1088 2678 δύο
1139 2638 1415 2689 Εὐγάμμωνος
1450 2637 1685 2688 Κυρηναίου
1717 2636 1946 2687 περιέχοντα
1977 2637 2079 2675 τάδε·

460 2719 500 2757 οἱ
537 2722 756 2768 μνηστῆρες
798 2714 877 2754 ὑπὸ
909 2721 986 2753 τῶν
1019 2714 1304 2766 προσηκόντων
1335 2713 1580 2762 θάπτονται,
1609 2711 1675 2751 καὶ
1701 2709 1916 2758 Ὀδυσσεὺς
1947 2712 2081 2759 θύσας

460 2794 654 2843 Νύμφαις
703 2791 756 2837 εἰς
797 2784 911 2828 ῗΗλιν
959 2789 1133 2828 ἀποπλεῖ
1173 2789 1486 2838 ἐπισκεψόμενος
1534 2787 1579 2825 τὰ
1625 2787 1835 2838 βουκόλια,
1876 2785 1940 2825 καὶ
1983 2787 2082 2834 ξενί-

460 2871 560 2916 ζεται
603 2868 710 2918 παρὰ
753 2865 965 2921 Πολυξένῳ
1008 2867 1137 2916 δῶρον
1170 2880 1207 2904 τε
1240 2866 1433 2916 λαμβάνει
1465 2869 1658 2916 κρατῆρα,
1688 2863 1753 2901 καὶ
1785 2862 1847 2901 ἐπὶ
1880 2864 2004 2918 τούτῳ
2036 2862 2082 2901 τὰ

458 2943 547 2994 περὶ
584 2942 819 2993 Τροφώνιον
851 2940 918 2979 καὶ
950 2941 1174 2993 Ἀγαμήδην
1207 2941 1273 2978 καὶ
1304 2939 1496 2991 Αὐγέαν”
1529 2941 1629 2977 κ.τ.λ.

516 3019 548 3057 Ε
591 3018 729 3056 tribus
773 3018 841 3056 his
881 3018 1204 3057 narrationibus
1245 3027 1355 3066 quae
1397 3017 1538 3065 prima
1578 3016 1636 3054 sit
1676 3016 1771 3053 orta
1812 3016 1940 3062 atque
1971 3015 2084 3063 apud
