2141 3487
775 313 825 340 DE
860 313 1003 340 ΑιΑοΕ.
1653 303 1704 339 61

76 429 305 469 Thraciam
354 430 510 468 itinere
559 439 604 467 se
652 428 869 477 prohiberi
915 438 1072 476 passae
1114 428 1231 466 sunt.
1282 427 1711 465 Errorumsuorum

79 506 262 554 vestigia
305 506 346 543 in
386 507 567 552 utraque
601 505 733 552 Aegei
768 514 843 542 ora
876 503 1159 551 reliquerunt.
1195 501 1344 541 Coloni
1377 502 1509 550 igitur
1543 501 1711 549 Graeci,

77 581 149 628 qui
190 581 424 629 posteriore
467 582 610 619 aetate
654 581 696 618 in
731 580 882 619 Asiam
916 579 1210 627 transierunt,
1247 579 1300 617 ibi
1336 579 1450 617 haud
1484 577 1612 616 dubie
1643 588 1714 616 no-

79 657 199 695 mina
245 656 475 695 hominum
526 659 655 705 atque
699 657 896 704 gentium
947 656 1029 694 sibi
1071 665 1126 694 ex
1170 656 1265 704 ipsa
1307 655 1448 704 patria
1480 654 1711 692 notissima

77 734 374 780 reppererunt.
421 731 540 781 Quod
589 742 718 771 nemo
767 731 995 770 clariorem
1039 731 1186 779 posuit
1228 731 1269 768 in
1314 730 1454 769 lucem
1485 740 1616 777 quam
1652 730 1717 768 vir

75 807 409 857 sagacissimus,
456 809 579 847 cuius
611 808 757 846 studia
790 808 982 856 optimae
1016 807 1156 855 frugis
1190 807 1277 845 iam
1312 806 1489 854 saepius
1522 806 1715 845 laudavi-

79 892 200 921 mus:
235 883 464 931 Augustus
497 883 614 922 Fick.

139 958 340 998 Alterum
401 959 629 997 videamus
689 957 958 1006 exemplum.
1018 959 1067 996 In
1115 958 1412 997 Aeneidarum
1464 958 1717 1007 genealogia

86 1035 118 1071 Y
148 1035 232 1073 230
265 1035 478 1084 legimus:

319 1113 433 1160 Τρῶα
468 1107 502 1148 δ’
535 1107 789 1161 Ἐριχθόνιος
820 1106 966 1148 ’τέκετο
1004 1110 1177 1159 Τρώεσσι
1211 1110 1406 1148 Ῐάνακτα.

137 1186 447 1225 Erichthonius
495 1187 628 1235 igitur
676 1186 744 1225 vel
791 1186 1062 1225 Erechtheus
1109 1184 1323 1237 ἀρχηγέτης
1373 1187 1531 1225 Atticus
1575 1186 1712 1225 filiurn

77 1263 229 1310 genuit
280 1262 436 1301 Troem.
488 1262 591 1311 Quis
633 1272 719 1300 non
763 1262 927 1310 cogitat
967 1262 1018 1300 de
1061 1262 1311 1300 nominibus
1344 1262 1489 1309 qualia
1522 1263 1712 1312 Aeneas,

78 1337 311 1386 AnchiseS,
347 1348 455 1386 quae
488 1338 530 1376 in
566 1337 752 1376 Arcadia
784 1338 896 1386 apud
930 1337 1253 1376 Orchomenum
1286 1338 1328 1375 in
1363 1338 1470 1378 colle
1504 1338 1716 1377 Anchisia

74 1414 308 1453 coniuncta
340 1415 614 1463 reperiuntur
645 1414 790 1459 (Paus.
826 1413 941 1462 VIII,
980 1414 1045 1462 12,
1066 1414 1129 1461 8);
1165 1413 1261 1461 quis
1294 1423 1380 1452 non
1414 1414 1464 1452 de
1497 1414 1712 1463 Dardano,

80 1489 203 1527 cuius
235 1499 395 1528 nomen
429 1490 537 1529 latet
571 1490 613 1528 in
649 1489 947 1537 Peloponneso
975 1489 1089 1533 (ibid.
1108 1489 1222 1537 VIII,
1250 1490 1318 1538 24,
1341 1490 1412 1534 3)?
1440 1489 1714 1538 Caphyarum

80 1565 275 1604 conditor
307 1565 492 1604 habetur
523 1567 718 1612 Aeneas3
754 1566 928 1604 Aeneas
962 1567 1143 1613 apparet
1178 1566 1395 1613 Sicyoniis
1427 1566 1469 1604 in
1502 1567 1716 1614 nummis;

78 1641 282 1681 cohaeret
312 1652 473 1681 nomen
508 1652 608 1681 cum
638 1641 779 1694 Αἰνείᾳ
808 1640 1098 1690 (Chalcidice),
1135 1651 1234 1680 cum
1270 1640 1382 1695 Αἴνῳ
1416 1641 1633 1691 (Thracia,
1669 1642 1720 1681 cf.

76 1717 272 1756 Rhesum
322 1723 398 1755 τῶν
447 1716 620 1756 Αἰνειῶν
660 1716 847 1766 animvm
894 1717 946 1756 cf.
989 1717 1251 1765 Hipponact.
1293 1717 1343 1755 fr.
1384 1718 1470 1763 42).
1529 1718 1718 1757 Dardani

75 1804 259 1841 quorum
292 1796 418 1832 erant
451 1804 575 1841 reges
609 1793 840 1832 Aeneadae
873 1793 1070 1841 illyricae
1106 1794 1210 1831 sunt
1239 1793 1422 1840 originis
1440 1793 1608 1838 (Strabo
1626 1793 1718 1844 VII,

80 1869 187 1917 315;
237 1870 421 1918 Appian.
467 1869 587 1917 illyr.
624 1879 657 1908 c.
695 1870 748 1913 2).
798 1869 972 1907 Satisne
1021 1869 1271 1917 dispersum
1318 1869 1492 1908 Aeneae
1540 1880 1720 1920 nomen,

79 1955 154 1994 per
200 1945 570 1995 Peloponnesum,
618 1944 812 1984 mediam
854 1954 929 1992 per
968 1944 1216 1993 Graeciam,
1252 1955 1326 1993 per
1359 1945 1609 1995 Thraciam,
1644 1957 1718 1995 per

79 2020 324 2060 Troadem?
365 2022 503 2061 Filius
546 2032 716 2069 quoque
760 2021 978 2060 Ascanius
1011 2022 1214 2069 provenit
1246 2017 1324 2070 τῆλ’
1363 2020 1399 2068 ἐξ
1434 2022 1641 2071 Ἀσκανίης
1675 2024 1720 2067 (Β

80 2093 202 2146 863),
237 2098 278 2136 id
311 2099 378 2137 est
411 2108 433 2136 e
467 2097 675 2145 Bithynia
708 2096 866 2142 (Strab.
901 2096 985 2134 XII
1018 2098 1134 2141 565).

139 2172 361 2221 Quaenam
396 2183 528 2212 causa
555 2172 655 2221 fuit,
687 2182 762 2211 cur
789 2171 897 2210 talia
925 2172 1107 2210 nomina
1139 2173 1232 2210 tam
1261 2172 1351 2212 late
1379 2183 1464 2212 non
1492 2174 1622 2213 modo
1645 2185 1720 2222 per

81 2250 313 2296 utramque
362 2249 677 2296 continentem,
730 2247 805 2286 sed
855 2247 990 2285 etiam
1034 2257 1109 2295 per
1152 2247 1406 2297 Thraciam,
1452 2250 1564 2296 quod
1607 2250 1721 2289 inter

80 2325 296 2373 Europam
341 2326 384 2363 et
426 2324 579 2363 Asiam
623 2325 716 2362 erat
749 2324 915 2374 ζεῦγμα,
947 2325 1098 2362 essent
1124 2323 1352 2371 dispersa?
1386 2324 1544 2371 Ecquid
1579 2325 1718 2364 coloni

79 2400 383 2448 Peloponnesii
416 2399 590 2438 Aeneae
624 2408 784 2437 nomen
817 2408 968 2437 secum
1010 2399 1054 2437 in
1087 2398 1303 2437 Troadem
1336 2400 1689 2439 transtulerunt?

138 2475 406 2523 Reputemus
458 2484 640 2522 graecas
682 2473 875 2512 colonias
916 2474 959 2512 in
1002 2474 1217 2512 Troadem
1270 2474 1480 2514 deductas
1532 2477 1718 2515 saeculis

77 2551 268 2599 septimo
311 2552 354 2589 et
397 2551 553 2588 octavo
597 2559 682 2588 non
726 2559 822 2587 esse
866 2549 1153 2596 antiquiores,
1199 2549 1357 2587 harum
1401 2550 1535 2598 igitur
1566 2551 1720 2590 heroes

78 2626 221 2665 serius
264 2626 307 2663 in
356 2625 507 2664 Asiam
550 2624 688 2663 fuisse
726 2624 1015 2673 introductos,
1061 2635 1193 2672 quam
1227 2625 1299 2672 qui
1332 2626 1374 2664 in
1409 2626 1542 2674 epicis
1574 2626 1716 2665 locum

78 2701 276 2740 invenire
309 2703 503 2749 possent.
539 2700 647 2749 Quid
681 2700 847 2748 igitur?
875 2700 1165 2739 Faciemusne
1194 2710 1292 2738 cum
1321 2701 1493 2750 Bethio,
1527 2703 1599 2750 qui
1625 2712 1718 2750 pro-

81 2777 327 2815 nuntiavit:
361 2777 461 2825 „Ins
488 2776 753 2815 Mutterland
781 2780 963 2815 mussen
991 2776 1071 2814 wir
1089 2775 1181 2815 also
1199 2777 1635 2827 zuriickgehen,dort
1652 2778 1719 2816 die

81 2852 301 2891 aolischen
320 2852 518 2891 Stamme
551 2851 809 2900 aufsuchen,
831 2852 927 2890 dort
956 2852 1066 2890 nach
1084 2852 1206 2890 ihren
1226 2851 1392 2890 Helden
1410 2852 1613 2890 forschen
1631 2853 1718 2891 und

80 2927 228 2975 fragen
272 2927 324 2966 ob
367 2928 463 2966 dort
501 2926 723 2965 vielleicht
767 2927 877 2965 auch
916 2926 1010 2965 ihre
1043 2927 1221 2976 Feinde,
1254 2927 1321 2965 die
1354 2926 1486 2965 Troer
1522 2927 1608 2965 und
1641 2937 1719 2975 gar

78 3002 206 3049 Troja
243 3002 383 3041 selbst
411 3013 463 3040 zu
492 3001 636 3040 finden
665 3001 849 3040 seien”?
878 3000 1056 3044 (Homer
1084 3002 1171 3040 und
1196 3001 1263 3040 die
1281 3001 1558 3049 Heldensage
1577 3012 1614 3049 p.
1639 3004 1718 3046 12).
