2200 3487
887 426 1386 480 CONSPECTUS
1429 424 1725 479 OPERIS.

491 674 552 713 De
583 675 730 713 Aiacis
761 676 943 724 origine,
978 674 1110 723 cultu,
1146 674 1286 722 patria
1292 703 1815 712 ........

698 751 729 789 I.
787 750 847 789 De
878 751 1025 788 Aiacis
1058 747 1229 801 ἀτρωσίςι
1262 748 1374 796 apud
1410 748 1667 786 Pindarum.
1734 778 1741 787 .
1810 779 1818 787 .

672 827 725 864 II.
783 826 843 865 De
876 826 1023 864 Aiacis
1056 823 1226 876 ἀτρωσίᾳ
1259 824 1370 871 apud
1403 823 1742 862 Philostratum.
1808 854 1815 862 .

647 902 722 940 III.
780 902 840 940 De
891 900 1036 939 Aiacis
1092 897 1264 952 ἀτρωσίςι
1321 899 1432 947 apud
1485 899 1726 937 Homerum
1774 901 1817 937 et

844 976 955 1024 apud
988 975 1177 1023 tragicos
1215 1003 1815 1013 .........

653 1052 724 1090 IV.
784 1050 932 1088 Αἴαντε
995 1079 1815 1089 ............

673 1128 721 1166 V.
779 1127 838 1165 De
865 1127 1032 1165 ratione
1058 1137 1166 1174 quae
1192 1127 1305 1165 inter
1332 1127 1574 1165 Minervam
1601 1128 1639 1164 ei
1661 1127 1816 1165 Aiaces

841 1202 1071 1241 intercedit
1140 1231 1813 1241 ..........

652 1279 722 1317 VI.
780 1278 840 1316 De
872 1278 1092 1317 Minervae
1126 1278 1168 1316 in
1201 1277 1401 1317 Achaeos
1435 1278 1499 1316 ira
1513 1307 1816 1316 .....

632 1354 725 1393 VII.
782 1354 924 1392 Pauca
957 1354 1007 1392 de
1040 1353 1259 1392 Minervae
1292 1354 1335 1391 in
1367 1353 1501 1391 Iliade
1534 1352 1732 1401 partibus
1806 1382 1814 1391 .

611 1430 725 1469 VIII.
782 1429 842 1468 De
873 1429 1020 1468 Aiacis
1057 1431 1232 1477 natura,
1268 1429 1405 1477 cultu,
1440 1428 1605 1476 origine
1660 1457 1668 1466 .
1733 1457 1741 1466 .
1807 1457 1815 1466 .

650 1505 725 1544 IX.
786 1505 1031 1555 Τελαμώνιοι
1065 1532 1813 1544 ...........

663 1583 716 1621 X.
779 1584 950 1632 Τεῦκρος
995 1609 1815 1621 ............

634 1658 708 1697 XL
771 1657 958 1706 Τελαμών
993 1685 1813 1696 ............

623 1734 720 1772 XII.
778 1733 839 1772 De
871 1733 1005 1772 Enalo
1038 1732 1174 1780 deque
1206 1731 1435 1770 Trambelo
1509 1761 1814 1770 .....

601 1810 718 1848 XIII.
777 1809 837 1848 De
869 1808 1061 1848 Locridis
1093 1808 1247 1847 incolis
1279 1808 1602 1855 antiquissimis
1660 1839 1668 1848 .
1734 1838 1742 1846 .
1807 1838 1815 1846 .

602 1886 716 1925 XIV.
773 1885 835 1925 De
866 1885 999 1924 Aiace
1033 1884 1142 1923 Oilei
1168 1883 1256 1923 filio
1287 1913 1812 1922 ........

628 1962 721 2001 XV.
776 1962 837 2001 De
869 1961 1016 2000 fabula
1047 1961 1235 2009 quadam
1269 1959 1595 1998 Philostratea.
1661 1990 1668 1998 .
1734 1991 1741 1998 .
1805 1989 1813 1998 .

599 2038 712 2077 XVI.
773 2037 1059 2087 Quaestiones
1091 2036 1306 2083 quaedam
1338 2034 1666 2083 genealogicae.
1733 2067 1740 2075 .
1808 2067 1815 2075 .

580 2114 715 2153 XVII.
774 2114 992 2161 Parergon
1023 2111 1370 2160 mythologicum
1436 2140 1812 2150 ......

559 2190 717 2229 XVIII.
775 2189 836 2229 De
869 2189 1090 2241 virginum
1123 2187 1387 2226 locrensium
1420 2185 1663 2225 sacrificio.
1729 2217 1737 2226 .

600 2267 717 2305 XIX.
776 2266 836 2304 De
869 2264 1138 2303 Dauniarum
1171 2263 1358 2310 quodam
1392 2272 1513 2300 more
1546 2262 1731 2301 solemni

619 2342 714 2382 XX.
772 2341 833 2380 De
866 2341 985 2381 Oileo
991 2367 1809 2380 ............

777 2418 982 2466 Epilogus
987 2443 1809 2456 ............

484 2550 544 2588 De
576 2551 874 2589 Amazonibus
913 2577 1808 2589 .............

483 2624 544 2663 De
576 2625 754 2664 Garneis
763 2652 1807 2665 ...............

481 2700 542 2739 De
573 2701 887 2749 Eugammonis
919 2699 1155 2747 Telegonia

483 2834 652 2873 Indices
682 2865 691 2874 .

660 2910 795 2948 Index
825 2910 1019 2948 locorum

759 2860 1804 2873 ooooooooooooooo

660 2985 796 3024 Index
828 2995 973 3024 rerum
986 3011 1805 3025 ............

1907 1202 1962 1239 26

1908 1278 1964 1315 30

1908 1354 1963 1391 39

1907 1429 1963 1466 42

1908 1504 1963 1542 50

1908 1580 1962 1618 53

1907 1656 1962 1693 65

1909 1732 1961 1770 77

1910 1808 1964 1846 79

1906 1884 1960 1922 83

1907 1960 1961 1998 89

1909 2037 1964 2074 94

1906 2112 1961 2150 99

1804 2217 1812 2226 .
1879 2188 1959 2226 104

1804 2293 1812 2301 .
1879 2264 1961 2302 124

1878 2340 1958 2377 128

1877 2415 1957 2453 133

1877 2547 2107 2587 137—150

1874 2623 2102 2662 153—181

1873 2698 2102 2737 185—216

1867 2831 2100 2870 217—227

1870 2907 1953 2945 217

1869 2982 1954 3020 226
