2200 3487
698 730 1362 792 PRAEFATIO.

330 1112 486 1150 Paucis
529 1111 637 1149 mihi
679 1109 865 1159 praefari
910 1109 1057 1157 liceat,
1102 1120 1201 1148 cum
1245 1110 1287 1148 in
1330 1109 1508 1158 Epilogo
1543 1122 1625 1158 quo
1660 1111 1843 1149 consilio

214 1203 635 1242 commentationem
709 1201 760 1240 de
821 1201 952 1239 Aiace
1015 1201 1292 1240 scribendam
1355 1203 1646 1251 susceperim,
1713 1212 1843 1250 quem

216 1296 414 1332 tenorem
472 1293 696 1341 inquisitio
754 1302 853 1331 mea
900 1293 1109 1342 servarit,
1159 1293 1259 1340 quid
1309 1294 1542 1331 assecutus
1590 1303 1688 1332 esse
1735 1293 1843 1332 mihi

213 1385 371 1434 videar,
421 1385 563 1433 legere
605 1386 745 1434 possit
785 1385 922 1424 lector
963 1384 1216 1424 benevolus.
1262 1384 1536 1433 Quamquam
1568 1384 1627 1423 ibi
1659 1395 1745 1424 non
1780 1386 1842 1424 ita

214 1488 390 1516 causam
439 1488 585 1516 meam
629 1477 830 1525 exposui,
873 1479 921 1515 ut
958 1478 1054 1525 ipsa
1095 1477 1194 1515 libri
1237 1477 1423 1516 lectione
1465 1477 1631 1516 omissa
1673 1477 1742 1517 vel
1779 1479 1842 1517 sic

214 1579 322 1617 quae
351 1569 564 1608 voluerim
593 1569 852 1616 qualibusve
878 1569 1152 1617 argumentis
1180 1571 1337 1608 cuncta
1363 1579 1414 1608 ea
1431 1570 1614 1618 probare
1632 1571 1841 1609 tentarim

214 1662 324 1699 satis
356 1663 578 1709 appareat.
607 1661 755 1707 Neque
782 1660 969 1698 nimium
997 1661 1106 1698 mihi
1133 1671 1309 1700 sumere
1336 1662 1499 1714 videar,
1528 1662 1564 1700 si
1591 1672 1667 1710 pro
1693 1662 1840 1701 labore

213 1753 410 1801 impenso
453 1763 602 1800 rogem
646 1753 810 1791 iudices
853 1753 1010 1791 harum
1052 1764 1199 1791 rerum
1237 1754 1401 1801 peritos
1435 1755 1564 1801 atque
1598 1754 1840 1805 studiosos,

210 1846 258 1882 ut
300 1844 595 1892 disputatione¹
637 1844 830 1893 perlecta
874 1844 1082 1883 iudicium
1125 1855 1256 1883 suum
1289 1845 1512 1894 proferant
1544 1856 1680 1893 aeque
1713 1848 1843 1895 atque

212 1935 431 1974 munifice.

329 2027 486 2066 Addidi
529 2028 930 2067 commentationes
962 2031 1051 2067 tres
1085 2039 1192 2076 quas
1224 2030 1311 2068 iam
1346 2032 1449 2068 ante
1480 2031 1524 2068 in
1557 2031 1840 2080 Mnemosyne

213 2120 366 2157 nostra
406 2119 568 2168 publici
610 2119 803 2158 feceram
840 2120 962 2159 iuris.
1008 2121 1089 2159 Sed
1125 2131 1224 2159 cum
1257 2122 1350 2160 dies
1383 2123 1498 2161 diem
1532 2124 1701 2174 doc-eat,
1738 2135 1838 2164 cum

213 2211 411 2249 nonnihil
464 2211 516 2250 ab
559 2211 658 2250 aliis
700 2212 904 2251 didicisse
946 2223 1016 2252 me
1064 2214 1238 2252 credam
1287 2215 1331 2252 et
1376 2215 1609 2265 gaudeam,
1657 2216 1843 2257 libenter

213 2303 374 2351 arripui
402 2304 675 2343 occasionem
702 2306 749 2342 ut
776 2305 883 2344 haec
910 2306 1073 2354 scripta
1100 2306 1254 2344 multis
1280 2306 1482 2355 partibus
1510 2310 1682 2347 mutata
1710 2311 1840 2356 atque

213 2397 342 2434 aucta
384 2396 544 2434 iterum
586 2396 775 2435 ederem.
811 2397 880 2435 Sic
912 2398 1018 2436 duce
1051 2398 1245 2437 Minerva
1278 2399 1396 2437 viam
1430 2410 1553 2440 suam
1590 2403 1836 2442 inveniant!
