2141 3487
739 317 791 344 DE
826 315 1121 344 AMAzometh.
1666 307 1746 342 149

114 435 224 474 hanc
266 432 486 484 ἐπίκλησιν,
526 442 656 480 quam
691 441 716 469 a
750 440 855 468 voce
887 429 993 483 λύκῳ
1027 429 1214 476 derivat,
1251 429 1549 467 Amazonibus
1583 439 1752 475 quoque

112 510 250 549 fuisse
299 509 523 548 tributam.
573 506 698 545 Haud
745 505 921 553 iniuria,
967 504 1050 542 nisi
1091 504 1204 550 quod
1248 513 1406 542 nomen
1449 513 1548 542 cum
1592 504 1754 541 lucendi

113 585 254 624 radice
287 587 395 623 λυκ-
425 584 656 622 cohaerere
685 581 966 620 concedimus
994 579 1190 618 Usenero
1216 575 1256 624 ¹).
1286 579 1407 618 Prior
1435 579 1626 617 nominis
1653 589 1754 627 pars

113 670 168 699 ex
201 657 354 710 ἁρπαλο
387 659 617 698 decurtata
649 657 922 696 celeritatem
955 655 1177 703 exprimit.

172 735 321 774 Talem
355 737 505 773 autem
539 734 629 772 vim
658 732 845 770 Dianam
877 741 975 770 cum
1003 731 1135 769 sociis
1163 731 1255 768 suis
1282 730 1487 769 habuisse
1514 739 1599 768 non
1628 729 1754 768 facile

114 811 285 851 refellet
342 812 605 860 quicumque
663 810 776 847 hanc
833 807 1008 846 turbam
1058 817 1158 845 cum
1205 806 1457 854 germanica
1504 805 1596 853 illa,
1648 815 1756 852 quae

114 887 284 935 „Wilde
316 887 454 935 Jagd''
488 886 746 935 appellatur,
784 885 850 923 vel
883 884 1021 923 obiter
1056 883 1380 932 comparaverit
1402 878 1444 927 2).
1474 882 1544 920 Sic
1573 880 1759 931 οὔπιγγοι

109 964 285 1002 fuerunt
319 964 517 1002 carmina
549 960 780 1008 ἀλεξίκακα,
813 960 969 1008 quibus
1002 959 1218 1008 agricolae
1251 968 1432 997 saevam
1466 957 1755 996 mortiferam-

108 1049 193 1087 que
226 1038 346 1077 illam
379 1038 553 1076 turbam
587 1048 612 1076 a
644 1037 844 1085 frugibus
878 1046 1024 1074 arcere
1059 1036 1342 1074 conabantur.

172 1114 325 1152 Fortes
367 1116 517 1151 autem
560 1114 712 1151 heroes
748 1121 833 1150 non
866 1111 920 1150 ad
953 1111 1152 1149 carmina
1184 1111 1261 1148 sed
1296 1110 1348 1148 ad
1381 1109 1576 1157 gladium
1610 1107 1755 1146 confu-

114 1189 309 1238 giebant,
351 1191 576 1227 certamen
620 1198 720 1227 cum
763 1187 871 1236 ipsis
904 1186 1195 1225 daemonibus
1229 1185 1412 1224 minime
1445 1184 1754 1222 detrectantes

115 1265 232 1303 Talis
259 1264 361 1303 hero
388 1264 471 1302 fuit
499 1264 711 1311 Theseus,
748 1263 821 1311 qui
853 1263 896 1300 in
930 1263 1084 1300 eadem
1118 1262 1314 1310 regione,
1350 1261 1422 1299 ubi
1455 1259 1756 1307 Periphetam‚

117 1340 275 1387 sinim,
331 1339 574 1387 Sc1ronem,
625 1338 911 1386 Cercyonem,
962 1337 1260 1385 Procrustam,
1312 1338 1377 1374 tot
1425 1335 1511 1375 alia
1558 1335 1760 1373 monstra

116 1417 298 1455 naturae
341 1416 458 1455 vires
497 1417 706 1454 nocentes
748 1415 1000 1462 referentia,
1045 1424 1067 1453 e
1100 1413 1245 1452 medio
1278 1412 1475 1460 sustulit,
1510 1412 1758 1450 Amazones

118 1501 288 1539 quoque
335 1492 624 1539 impugnavit.
676 1490 768 1539 Qua
814 1490 866 1528 de
910 1499 1042 1528 causa
1083 1498 1172 1527 non
1214 1488 1345 1526 modo
1386 1487 1573 1527 Athenis
1606 1486 1681 1525 sed
1715 1487 1759 1524 et

117 1567 216 1605 aliis
258 1567 384 1615 locis,
431 1568 537 1616 puta
579 1565 619 1604 ἐν
655 1566 868 1620 Γενεθλίῳ,
899 1575 996 1603 cum
1033 1565 1087 1603 iis
1119 1566 1315 1603 certasse
1347 1564 1499 1602 fertur.
1532 1563 1622 1601 Nec
1652 1571 1758 1609 non,

117 1643 164 1680 ut
195 1652 354 1690 magno
390 1643 508 1681 heroi
542 1653 618 1690 par
651 1644 762 1689 erat,
797 1652 895 1680 cum
929 1642 1207 1680 Amazonum
1234 1638 1636 1688 praestantissimis
1662 1647 1757 1676 con-

117 1718 284 1766 cubuit,
318 1717 515 1766 filiosque
546 1728 600 1756 ex
632 1718 687 1756 iis
715 1718 975 1765 procreavit,
1006 1726 1188 1763 quorum
1217 1716 1395 1754 nomina
1421 1715 1537 1754 clare
1565 1713 1760 1751 indicant

119 1794 314 1842 ipsarum
364 1794 558 1831 matrum
610 1795 831 1832 naturam.
881 1793 950 1830 Sic
997 1802 1019 1830 e
1066 1792 1276 1839 Perigone
1320 1791 1435 1829 Sinis
1477 1789 1566 1828 filia
1607 1790 1758 1837 genuit

121 1868 449 1917 Melanmtppum,
497 1879 553 1906 ex
600 1868 788 1916 Antiope
822 1868 1097 1917 Hippolytum
1121 1864 1163 1912 3).
1198 1867 1349 1905 Nonne
1381 1867 1474 1914 ipse
1507 1864 1757 1904 Alexander

120 1944 301 1992 Magnus
341 1944 496 1983 Thesei
533 1943 787 1992 exemplum
820 1945 1000 1982 secutus
1033 1954 1132 1981 cum
1166 1944 1442 1982 Amazonum
1476 1941 1627 1989 regina
1659 1951 1751 1979 rem

121 2019 324 2058 habuisse
356 2019 640 2058 tradebatur?

178 2095 364 2143 Antiope
426 2096 573 2133 autem
633 2117 684 2122 —
745 2095 980 2143 Hippolyte
1036 2104 1207 2141 quoque
1265 2095 1444 2131 vocatur
1505 2115 1555 2119 -
1604 2094 1756 2141 postea

121 2180 320 2219 pugnans
352 2170 530 2218 occidit,
562 2169 627 2207 καὶ
660 2168 730 2219 τὴν
764 2171 912 2218 στήλην
944 2167 1016 2218 τὴν
1043 2167 1152 2218 παρὰ
1178 2168 1220 2206 τὸ
1248 2174 1315 2217 τῆς
1344 2170 1422 2217 Γῆς
1450 2173 1517 2217 τῆς
1539 2164 1755 2215 Ὀλυμπίας

119 2245 228 2295 ἱερὸν
276 2244 338 2283 ἐπὶ
384 2246 508 2298 ταύτῃ
550 2248 712 2282 κεῖσθαι
759 2245 998 2284 narrabant
1044 2245 1220 2293 posteri.
1268 2244 1459 2292 Roganti
1505 2253 1605 2281 vero
1647 2252 1756 2289 quae

121 2321 253 2360 fuerit
280 2323 337 2370 Γῆ
355 2317 640 2370 111ειὈλυμπία
660 2321 922 2359 Plutarchus
940 2316 972 2367 4)
991 2321 1227 2369 respondet
1244 2320 1380 2358 fuisse
1398 2328 1639 2367 cognomen
1661 2348 1668 2356 .
1690 2348 1697 2356 .
1720 2348 1727 2356 .
1750 2351 1757 2359 .

123 2397 283 2435 Lunae.
327 2395 442 2445 Quae
484 2396 618 2434 verba
649 2396 850 2434 miranda
882 2406 962 2434 suo
995 2396 1135 2443 pretio
1168 2394 1436 2433 aestimabis.

183 2471 376 2510 Fuerunt
420 2493 472 2498 —
507 2471 604 2518 quis
637 2471 901 2509 mirabitur?
936 2493 986 2498 -
1022 2471 1095 2517 qui
1128 2472 1172 2508 et
1203 2470 1419 2508 Helenam
1452 2469 1592 2517 illam⁷
1627 2477 1758 2514 quam

121 2546 317 2585 Theseus
345 2547 388 2584 in
416 2546 581 2594 templo
608 2545 770 2584 Dianae
797 2546 975 2584 Orthiae
1002 2546 1240 2584 saltantem
1258 2545 1403 2593 rapuit
1425 2541 1469 2591 5),
1489 2545 1758 2582 Amazonem

170 2657 196 2697 l)
221 2661 375 2691 Gottern.
399 2669 432 2699 p.
459 2661 534 2690 211.

169 2717 194 2756 ²)
218 2721 317 2757 Quod
341 2720 425 2751 fecit
449 2720 588 2758 Dilthey
613 2719 674 2749 Rh.
700 2720 744 2749 M.
771 2720 824 2757 25,
851 2720 913 2748 321
941 2727 1016 2756 sqq.
1042 2719 1151 2748 Lectu
1175 2718 1379 2755 dignissima
1404 2719 1486 2746 sunt
1510 2726 1598 2754 quae
1622 2715 1764 2755 scripsit

123 2781 260 2811 Nilsson
295 2790 350 2820 op.
386 2781 478 2811 laud.
515 2791 547 2819 p.
587 2781 648 2810 179
685 2788 779 2818 sqq.;
817 2788 900 2818 prae
937 2779 1062 2809 ceteris
1097 2781 1212 2809 autem
1249 2777 1485 2809 Wilamowitzi
1515 2775 1685 2815 praefatio
1718 2776 1761 2806 ad

123 2840 355 2872 Eumenidum
379 2841 576 2872 versionem
601 2841 848 2879 germanicam.

167 2899 194 2941 ³)
219 2903 269 2932 De
294 2911 362 2940 quo
387 2901 465 2932 vide
490 2902 522 2932 S.
547 2902 702 2932 Reinach
728 2900 960 2939 „Hippolyte”
985 2898 1021 2929 in
1045 2900 1147 2932 Arch.
1173 2900 1196 2929 f.
1221 2900 1292 2929 Bel.
1319 2898 1418 2929 Wiss.
1438 2896 1481 2927 X*
1503 2907 1535 2936 p.
1556 2898 1597 2927 47
1619 2906 1695 2935 sqq.

166 2960 193 2997 ⁴)
216 2963 268 2993 De
293 2963 419 2993 defeat.
446 2972 536 2992 orac.
564 2964 627 2992 416
643 2962 680 2992 E.

171 3021 200 3063 ι)
224 3024 316 3054 Plut.
343 3024 447 3054 Thes.
474 3025 527 3053 31.
