2141 3487
839 325 892 353 m:
926 325 1071 354 ArAcE.
1710 315 1764 354 75

143 443 186 480 et
227 442 277 482 de
321 441 363 479 la
403 441 595 479 richesse
637 439 1041 488 particulierement
1073 449 1125 478 en
1157 438 1310 476 faveur
1343 438 1483 486 parmi
1517 437 1581 476 les
1613 439 1772 485 patres.

144 516 178 555 Il
211 516 330 555 avait
361 525 468 564 pour
499 514 706 553 attributs
748 524 832 552 une
865 514 1087 562 baguette,
1128 512 1345 552 embleme
1379 513 1429 551 de
1462 523 1512 551 sa
1543 512 1773 560 puissance

144 593 189 630 et
219 601 276 629 un
308 590 425 637 objet
455 589 695 629 semblable
736 591 761 627 a
797 600 856 627 un
889 588 1091 637 bouclier,
1127 587 1342 627 emblema
1375 588 1425 626 de
1458 587 1500 626 la
1531 587 1773 636 protection

143 665 247 713 qu’il
279 665 496 705 accordait
529 666 554 703 a
585 675 656 704 ses
689 663 853 703 fideles.
887 664 921 702 Il
955 664 1092 703 volait
1121 665 1164 702 et
1196 663 1446 712 parcourait
1475 663 1540 701 les
1572 662 1704 701 airs”.

201 741 294 779 Iam
326 741 541 789 prolocuti
573 750 728 779 sumus
761 740 929 779 Girardi
971 738 1215 778 aedificium
1249 740 1367 777 stare
1397 748 1484 777 non
1517 747 1658 786 posse.
1692 737 1773 775 Ad-

143 816 243 854 dere
284 816 488 855 volumus
529 816 647 855 haec.
691 815 808 854 Usus
849 817 917 854 est
949 817 1101 854 auctor
1134 815 1186 853 ad
1220 814 1488 853 sententiam
1521 823 1650 852 suam
1683 822 1775 861 pro-

143 891 328 930 bandam
360 892 548 930 vetustis
580 891 746 938 aliquot
776 890 1057 939 imaginibus,
1092 900 1200 937 quas
1232 889 1300 928 vel
1333 890 1377 927 in
1411 888 1604 927 vasculis
1637 888 1706 926 vel
1732 889 1775 926 in

141 966 378 1015 parietibus
439 967 620 1006 ornandi
682 976 815 1005 causa
871 966 1064 1014 depictas
1122 965 1361 1004 Columnae
1414 964 1538 1002 Genii
1589 962 1774 1011 figuram

141 1042 386 1090 exprimere
434 1042 516 1080 sibi
555 1041 777 1090 persuasit
818 1051 1011 1088 quasque
1057 1041 1100 1079 in
1145 1040 1516 1079 commentatione
1558 1049 1638 1077 sua
1668 1039 1777 1087 ipsis

138 1116 421 1155 lineamentis
453 1117 631 1156 reddere
664 1117 815 1156 sedulo
848 1116 1029 1155 curavit.

198 1191 359 1231 Vereor
386 1194 550 1242 tamen,
579 1202 633 1231 ne
661 1192 735 1230 alii
761 1202 931 1240 quoque
949 1191 1022 1239 qui
1039 1191 1118 1230 has
1136 1191 1353 1239 imagines
1371 1190 1585 1238 aspiciant
1602 1199 1776 1228 mecum

137 1269 337 1306 statuant
379 1269 605 1307 auctorem
645 1267 854 1306 laudabili
895 1267 1040 1306 studio
1083 1266 1314 1314 abreptum
1362 1266 1535 1314 saepius
1582 1264 1775 1303 Telamo-

140 1343 262 1382 nium
304 1343 348 1381 in
389 1343 444 1381 iis
485 1343 749 1392 repperisse,
783 1343 884 1390 quia
915 1342 1220 1381 Telamonium
1253 1341 1296 1379 in
1330 1341 1384 1379 iis
1416 1340 1595 1389 reperiri
1627 1340 1774 1379 vellet.

141 1419 350 1466 Equidem
396 1419 439 1458 in
487 1429 532 1458 re
579 1421 672 1458 tam
721 1419 842 1457 aleae
883 1419 1027 1467 plena,
1072 1428 1203 1466 quam
1236 1418 1302 1456 est
1342 1418 1499 1456 harum
1530 1417 1772 1465 imaginum

142 1497 397 1546 explicatio,
427 1496 478 1534 de
511 1495 668 1543 quibus
700 1505 753 1533 ne
785 1495 827 1533 id
860 1495 1034 1542 quidem
1061 1505 1136 1543 pro
1163 1495 1280 1532 certo
1309 1495 1505 1532 statuere
1523 1503 1775 1541 possumus,

141 1575 290 1611 utrum
324 1573 461 1611 animi
494 1582 628 1612 causa
659 1582 713 1610 an
745 1572 879 1620 serio,
916 1573 1063 1610 utrum
1096 1571 1320 1619 religionis
1352 1581 1405 1609 an
1433 1571 1618 1609 ornandi
1644 1579 1776 1608 causa

138 1651 182 1688 in
214 1649 472 1697 parietibus,
501 1648 545 1686 in
578 1647 782 1696 vasculis,
815 1648 905 1686 sint
936 1647 1196 1696 delineatae,
1231 1648 1370 1685 tutius
1403 1647 1511 1685 duco
1538 1645 1580 1684 τὸ
1613 1643 1775 1695 ἐπέχειν,

136 1725 218 1764 Sed
251 1725 288 1763 si
315 1723 583 1762 adhibendae
617 1729 740 1772 sunt,
775 1723 834 1761 ibi
866 1723 1046 1761 demum
1079 1723 1381 1771 adhibeantur,
1421 1722 1493 1760 ubi
1526 1722 1775 1771 opinionem

134 1800 353 1848 quandam
400 1799 531 1838 certis
563 1799 836 1847 argumentis
869 1800 998 1846 atque
1032 1798 1190 1837 validis
1222 1798 1522 1836 substructam
1555 1797 1774 1836 illustrare

133 1876 316 1924 possint.
357 1875 631 1915 Sententiam
664 1884 767 1913 vero
800 1884 910 1922 quae
942 1874 1099 1912 ceteris
1132 1874 1349 1922 partibus,
1385 1875 1433 1911 ut
1464 1873 1677 1922 vidimus,
1713 1873 1775 1911 ita

134 1951 366 2000 claudicet,
387 1953 434 1989 ut
451 1951 737 1989 fundamento
756 1960 854 1989 eam
875 1960 1054 1998 prorsus
1081 1959 1228 1988 carere
1255 1951 1483 1998 appareat,
1513 1949 1590 1987 tali
1611 1948 1774 1987 auxilio

136 2026 307 2065 defendi
348 2037 497 2076 posse,
543 2027 639 2074 quis
683 2026 851 2065 credit?
885 2026 1157 2074 Quamquam
1190 2025 1483 2064 libentissime
1516 2024 1775 2063 confitemur

137 2104 368 2143 Girardum
412 2113 463 2142 ea
499 2103 716 2152 doctrina,
750 2103 992 2151 diligentia,
1031 2103 1272 2150 sagacitate
1305 2112 1435 2140 usum
1469 2111 1582 2150 esse,
1619 2100 1774 2148 quibus

139 2180 207 2219 vel
250 2181 374 2218 irrita
416 2179 648 2218 conamina
680 2179 836 2217 harum
880 2188 1026 2217 rerum
1061 2179 1273 2216 studiosis
1301 2180 1432 2225 atque
1457 2177 1609 2225 peritis
1642 2185 1773 2223 quam

139 2256 334 2295 maxime
361 2256 588 2294 fructuosa
613 2256 742 2302 atque
774 2254 900 2292 utilia
932 2253 1181 2292 reddantur.
1220 2252 1452 2291 Telamonis
1489 2254 1606 2291 certe
1638 2251 1774 2291 nomi-

138 2332 207 2371 nis
239 2331 556 2370 derivationem
591 2341 616 2369 a
646 2330 788 2369 balteo
821 2339 928 2368 sano
959 2329 1135 2377 ingenio
1168 2329 1326 2367 ductus
1359 2328 1652 2377 impugnavit.
1679 2328 1776 2375 Ipse

139 2407 348 2446 Girardus
376 2407 605 2446 confessus
633 2408 701 2445 est
732 2406 1077 2454 disputationem
1110 2415 1238 2444 suam
1271 2405 1353 2443 niti
1386 2407 1611 2452 τελαμῶνος
1643 2413 1778 2442 sensu

138 2483 366 2521 columnae.
399 2483 538 2531 „Sans
562 2483 674 2521 cette
691 2492 874 2529 marque
893 2481 1102 2529 d’origine
1120 2481 1162 2519 la
1179 2480 1415 2519 recherche
1434 2480 1485 2518 de
1503 2479 1545 2517 la
1561 2479 1777 2527 paternite

139 2559 299 2606 d’Ajax
341 2559 477 2598 serait
519 2568 602 2597 une
647 2558 860 2605 chimere;
901 2557 982 2596 elle
1015 2559 1083 2596 est
1116 2556 1309 2605 possible
1342 2558 1469 2604 grace
1504 2557 1528 2593 a
1560 2565 1606 2594 ce
1638 2556 1775 2593 mot''.

140 2636 356 2684 Τελαμῶνα
389 2637 540 2673 autem
574 2633 769 2672 valuisse
803 2634 918 2681 apud
951 2633 1138 2671 Graecos
1171 2633 1410 2670 columnam
1444 2640 1532 2670 non
1558 2631 1775 2680 probavit.

195 2710 324 2749 Nulla
372 2711 521 2749 exstat
563 2719 711 2756 causa,
757 2718 832 2746 cur
874 2707 1234 2755 inscriptionibus
1266 2708 1452 2755 repertis
1483 2706 1681 2745 Perinthi
1719 2706 1775 2750 (in

139 2786 309 2826 colonia
351 2787 505 2835 Sami),
549 2784 753 2833 Byzantii
796 2784 854 2828 (in
897 2784 1066 2822 colonia
1103 2783 1459 2831 Megarensium),
1495 2782 1776 2829 Phanagorae

139 2863 198 2907 (in
231 2862 401 2901 colonia
433 2862 541 2911 Tei),
576 2861 856 2910 Apolloniae,
894 2860 1065 2908 Odessi,
1102 2859 1270 2908 Olbiae,
1306 2858 1584 2906 Panticapaei
1611 2858 1652 2902 (i.
1672 2867 1707 2895 e.
1732 2857 1776 2894 in

135 2937 317 2990 coloniis
365 2938 648 2982 Milesiorum)
697 2946 850 2974 vocem
899 2937 1105 2984 τελαμῶνα
1163 2934 1291 2973 aliter
1339 2933 1628 2972 adhibendam
1678 2941 1776 2970 esse

132 3015 339 3061 putemus
380 3023 513 3061 quam
555 3012 705 3062 Argis,
751 3012 824 3050 ubi
866 3012 981 3049 inter
1021 3020 1068 3049 se
1101 3010 1435 3058 distinguuntur
1467 3005 1490 3057 ἡ
1529 3007 1649 3057 στήλη
1679 3010 1722 3046 et
1754 3005 1773 3045 ὁ
