2200 3487
419 346 472 382 ‘28
1106 354 1159 381 DE
1191 353 1337 381 AIACE.

415 469 561 516 palam
595 469 835 507 declararet
866 468 982 506 Iovis
1017 467 1182 505 auxilio
1216 476 1362 505 carere
1395 477 1441 505 se
1473 477 1603 515 posse
1638 490 1688 497 -
1718 478 1820 507 nam
1849 469 1890 506 id
1917 468 2039 517 profi-

415 545 545 593 tetur,
588 544 658 591 qui
702 543 846 581 verbis
886 540 931 593 ἠὲ
978 541 1042 579 καὶ
1086 540 1298 591 ἀμφαδίην
1340 542 1560 591 significat
1600 545 1815 583 sociorum
1860 554 2038 582 suorum

413 629 562 666 preces
605 619 656 657 ad
699 619 849 657 Iovem
892 628 968 666 pro
1011 628 1092 656 sua
1134 618 1277 655 salute
1309 617 1555 657 submissas
1587 619 1782 658 hostium
1817 620 1932 658 votis
1964 620 2042 658 deo

412 694 672 741 gratioribus
714 693 829 731 vinci
869 693 995 731 facile
1038 702 1085 731 se
1117 702 1215 731 esse
1247 702 1560 741 perpessurum
1595 716 1668 743 —-,
1702 695 1802 741 quid
1835 696 1933 743 post
1965 694 2042 733 illa

416 767 456 819 ὴὲ
503 768 569 807 καὶ
614 767 824 819 ἀμφαδίην
867 769 989 816 sequi
1036 768 1292 808 debuisset?
1336 769 1512 808 Minime
1554 770 1666 817 quod
1699 780 1813 808 nunc
1846 770 2041 817 sequitur

411 843 493 882 ἐπεὶ
540 843 588 882 οὔ
636 859 721 882 τινα
770 848 843 889 (sc.
893 844 1198 888 Troianorum)
1245 842 1436 894 ‹ls'clftioev
1480 843 1625 894 ἒμπης,
1671 844 1746 883 sed
1788 845 2039 883 huiusmodi

410 920 592 967 aliquid:
624 920 858 968 „quoniam
887 920 991 958 Iovis
1018 919 1236 958 auxilium
1263 920 1387 959 flocci
1415 920 1571 969 facio”‚
1600 929 1775 968 graece:
1806 917 1916 968 „inei
1941 918 2037 965 Διὸς

411 994 484 1033 οὐκ
530 994 745 1047 ἀλεγι’ζω”ῐ
792 996 948 1045 Quare,
993 1006 1090 1034 cum
1134 995 1267 1034 verba
1299 1001 1389 1050 σιγῇ
1420 994 1446 1047 ἢ
1478 994 1689 1045 ἀμφαδίην
1715 993 1904 1046 εὔχεσθαι
1933 995 2039 1034 Iovis

409 1071 536 1110 modo
579 1081 704 1120 opem
747 1071 994 1120 respiciant,
1029 1072 1180 1119 utique
1211 1072 1431 1111 recidendi
1463 1073 1566 1110 sunt
1599 1081 1754 1110 versus
1787 1071 2039 1117 lev-199,

407 1157 516 1194 quos
548 1157 678 1185 versu
715 1149 819 1186 196³
850 1158 936 1186 non
968 1157 1181 1196 perpenso
1214 1147 1332 1186 male
1364 1148 1578 1186 annexuit
1605 1147 1905 1196 interpolator.

469 1222 557 1271 Quo
589 1223 704 1261 facto
736 1223 849 1262 Aiax
882 1224 1033 1262 noster
1065 1223 1311 1272 impietatis
1343 1223 1526 1262 crimine
1558 1233 1739 1272 prorsus
1769 1221 2036 1269 absolvitur;

408 1299 546 1337 immo
578 1297 626 1336 fit
659 1298 804 1348 heros,
840 1299 912 1347 qui
944 1299 1048 1338 deos
1081 1309 1212 1346 quam
1245 1299 1442 1338 maxime
1475 1299 1695 1348 observat,
1730 1298 1885 1337 horum
1920 1298 2036 1336 auxi-

408 1373 516 1412 lium
544 1374 768 1423 implorat,
796 1375 894 1423 pius
921 1374 1037 1413 idem
1066 1376 1110 1413 et
1135 1374 1273 1415 fortis.
1301 1374 1556 1414 Contrarius
1583 1375 1715 1423 igitur
1739 1373 1788 1412 fit
1811 1373 2039 1423 Sophoclei

406 1449 543 1498 illius,
579 1449 701 1487 cuius
733 1449 869 1498 impia
902 1450 1035 1488 verba
1061 1450 1284 1489 Minervae
1316 1452 1553 1489 moverant
1584 1447 1877 1490 stomachum.

472 1525 543 1563 Sin
587 1534 689 1563 vero
732 1525 845 1573 apud
877 1525 1123 1564 Homerum
1157 1526 1253 1573 quis
1285 1526 1454 1574 quaerit
1486 1526 1683 1575 heroem,
1719 1526 1842 1565 cuius
1872 1525 2039 1564 indoles

413 1610 512 1638 cum
544 1600 690 1638 Aiacis
722 1600 797 1639 illa
829 1600 1057 1650 Sophoclei
1089 1601 1284 1645 (maioris
1315 1601 1464 1650 igitur)
1497 1603 1726 1651 congruat,
1756 1602 1933 1640 revocet
1957 1600 2040 1639 sibi

412 1676 453 1713 in
487 1677 749 1715 memoriam
781 1676 913 1715 verba
945 1676 1283 1725 superbissima:

640 1747 715 1802 ’φῆ
747 1748 964 1803 ῤ’ἆλῑέκητι
994 1755 1105 1790 θεῶν
1138 1751 1316 1804 φυγέμεν
1349 1751 1449 1804 μέγα
1480 1755 1621 1803 λαῖτμα
1653 1752 1873 1802 θαλάσσης.

473 1827 709 1866 Cuiusnam
753 1829 888 1867 sunt?
933 1828 1098 1877 Nempe
1141 1829 1289 1868 Aiacis
1330 1829 1574 1868 Locrensis.
1616 1830 1859 1868 Paucorum
1892 1829 2037 1867 autem

415 1902 645 1941 verborum
689 1904 764 1943 sed
807 1906 1090 1943 strenuarum
1133 1915 1280 1944 rerum
1312 1905 1546 1953 unicuique
1579 1905 1796 1944 videbitur
1827 1905 1894 1943 vir
1924 1905 2037 1943 Aiax

409 1978 482 2016 ille
516 1979 656 2018 maior
682 1980 946 2019 homericus.
982 1981 1064 2019 Sed
1097 1981 1311 2029 quomodo
1343 1981 1402 2020 ibi
1434 1980 1695 2020 describitur
1725 1981 1904 2020 minor?

644 2050 763 2105 Αἶαν,
794 2058 924 2102 νεῖκος
956 2053 1106 2107 ἄριστε,
1135 2054 1408 2107 κακοφραδὲς,
1439 2055 1537 2095 ἄλλα
1568 2071 1607 2096 τε
1638 2056 1769 2096 πάντα

646 2130 779 2169 δεύεαι
808 2131 1006 2183 Ἀργεΐων,

410 2205 471 2242 ita
519 2206 803 2254 compellatur
852 2206 904 2245 ab
953 2207 1189 2247 Idomeneo
1232 2208 1276 2246 in
1323 2210 1376 2247 Ψ.
1409 2209 1648 2257 Litigiosus
1683 2211 1766 2258 est,
1803 2208 2036 2258 superbuS,

410 2280 575 2330 fatuus,
609 2284 657 2320 ut
690 2283 923 2322 credideris
950 2284 1181 2324 Locrensis
1206 2284 1398 2324 indolem
1424 2285 1640 2324 transisse
1667 2286 1710 2324 in
1738 2284 2040 2324 Telamonium

411 2355 710 2403 Sophocleum.

470 2432 689 2472 Minervae
736 2437 853 2474 certe
900 2437 1069 2475 amicus
1109 2447 1249 2485 neque
1292 2439 1385 2476 erat
1427 2437 1541 2475 Aiax
1583 2438 1868 2490 Sophocleus,
1902 2448 2041 2486 neque

413 2507 495 2545 fuit
537 2508 767 2549 Locrensis
810 2513 922 2560 apud
955 2512 1212 2552 Homerum.
1246 2513 1455 2552 Currendi
1491 2516 1713 2553 certamen
1744 2515 1897 2552 ineunt
1928 2514 2042 2553 Aiax

410 2582 552 2620 minor
584 2586 627 2622 et
668 2584 820 2624 Ulixes
863 2589 927 2631 (Ψ
967 2589 1051 2627 754
1096 2591 1203 2636 sqq.)
1257 2589 1593 2638 Animadverte,
1637 2599 1766 2637 quam
1809 2589 1867 2627 sit
1908 2591 2036 2637 poeta

409 2657 644 2707 sollicitus,
692 2662 740 2698 ut
787 2661 931 2701 vivide
979 2663 1196 2702 describat
1237 2665 1454 2713 favorem,
1498 2674 1581 2712 quo
1613 2664 1769 2703 Ulixes
1800 2667 1892 2703 tam
1925 2665 2038 2712 apud

411 2732 536 2770 deam
585 2743 716 2780 quam
764 2737 874 2783 apud
918 2738 1058 2777 socios
1100 2739 1285 2777 fruatur.
1327 2739 1440 2777 Huic
1473 2738 1764 2788 applaudunt,
1798 2739 1915 2778 hunc
1945 2750 2034 2778 cur-

410 2808 580 2845 rentem
623 2808 830 2849 benevolo
872 2812 1058 2852 incitant
1099 2814 1302 2854 clamore.
1341 2815 1521 2853 Aiacem
1554 2825 1658 2853 vero
1691 2817 1893 2862 quamvis
1924 2816 2040 2864 prior

411 2892 671 2929 permensus
704 2884 763 2923 sit
794 2887 986 2926 stadium
1021 2890 1183 2928 Achaei
1215 2891 1435 2939 accipiunt
1466 2890 1711 2940 irridentes,
1740 2891 2038 2940 explodentes.

412 2956 518 3003 Quid
551 2958 610 2996 rei
644 2960 743 2997 est?
777 2960 826 2998 In
858 2961 960 3001 fimo
995 2963 1152 3003 bubulo
1185 2965 1403 3013 collapsus
1435 2966 1521 3004 dux
1554 2966 1837 3005 Locrensium
1872 2977 1897 3004 a
1928 2966 2036 3005 Deu-

408 3031 573 3069 calione
630 3034 838 3073 oriundus
894 3036 1000 3086 abit,
1057 3040 1248 3078 stercore
1295 3039 1459 3079 oblitus
1505 3042 1781 3080 taeterrime!
1831 3042 2038 3080 Potestne
