2141 3487
743 327 794 354 nn
827 327 1121 355 AMAzoNfflus.
1667 322 1743 357 1:55⁷>

118 442 252 491 saria,
296 442 338 480 in
379 441 502 481 libris
545 442 854 481 historicorum
898 442 1172 480 Amazonum
1218 443 1370 490 regina
1411 442 1562 490 fiebat;
1595 444 1748 482 deindo

119 517 366 557 Alexander
397 518 578 566 Magnus
610 519 692 556 iter
723 519 765 556 in
799 518 969 556 Indiam
1003 518 1168 557 faciens
1201 528 1300 556 cum
1334 518 1633 557 Amazonibus
1665 529 1749 557 non

116 593 291 640 quidem
340 595 532 632 certasse
579 595 625 632 at
670 595 819 632 tamen
861 603 954 632 rem
997 593 1203 632 habuisse
1246 593 1516 631 tradebatur.
1561 593 1753 641 Agmina

117 667 315 708 fabulosa
355 670 409 708 ad
449 669 646 717 Sangarii
679 669 795 718 ripas
828 669 1206 717 circumvagantia
1238 670 1282 707 et
1312 669 1539 717 Phrygum
1571 679 1750 717 campos

119 744 359 793 vastantia,
404 755 514 792 quae
555 745 686 794 prisci
727 746 851 783 vates
894 744 1242 793 celebraverant,
1287 746 1456 783 certum
1491 743 1572 782 sibi
1606 744 1749 782 locum

118 818 162 856 in
204 819 370 858 chartis
410 820 714 868 geographicis
756 830 894 868 neque
927 820 1075 858 minus
1108 821 1276 858 certum
1310 820 1353 858 in
1383 818 1584 868 operibus
1616 819 1750 858 histo-

118 893 221 932 ricis
253 894 513 933 invenerant
547 896 590 934 et
623 895 844 934 tenebant.

176 970 269 1009 Non
326 970 386 1009 ita
442 970 596 1009 multis
654 971 782 1009 annis
836 972 935 1019 post
987 970 1198 1009 Herodoti
1245 971 1436 1009 aetatem
1484 970 1754 1009 exstiterunt

119 1046 374 1096 scriptores,
408 1046 606 1095 Ephorus
637 1045 729 1096 alii,
758 1046 831 1094 qui
857 1046 1176 1085 asseverabant
1202 1047 1480 1097 Σαυροματῶν
1506 1044 1628 1091 ἔθνος
1654 1041 1755 1083 εἶναι

117 1121 572 1173 γυναικοκρατούμενον,
609 1121 710 1161 licet
742 1121 963 1161 Historiae
996 1121 1125 1160 Pater
1155 1121 1259 1160 talis
1291 1122 1354 1161 rei
1385 1132 1465 1161 nec
1496 1122 1644 1161 volam
1676 1132 1756 1160 nec

118 1197 354 1246 vestigium
410 1198 523 1246 apud
581 1199 783 1237 auctores
830 1208 934 1237 suos
980 1198 1226 1247 repperisse
1273 1199 1506 1247 videretur,
1554 1199 1627 1246 qui
1673 1199 1754 1237 hoc

117 1273 261 1312 solum
304 1275 561 1312 narraverat
603 1273 715 1322 apud
752 1273 987 1312 Issedon‘ds
1020 1271 1249 1324 ἰσοκρατέας
1283 1271 1429 1324 ὁμοίως
1460 1272 1528 1320 τὰς
1559 1277 1754 1325 γυναῖκας

116 1351 195 1394 τοῖς
228 1346 396 1399 ἀνδράσι
428 1344 542 1387 εἶναι.
576 1349 740 1398 Operae
773 1350 907 1398 igitur
938 1351 1129 1398 pretium
1162 1352 1230 1390 est
1261 1351 1468 1399 indagare
1500 1351 1612 1390 unde
1644 1351 1751 1389 haec

120 1424 279 1473 Ephori
310 1425 455 1473 opinio
488 1425 592 1463 oriri
625 1426 830 1474 potuerit.

177 1500 329 1539 Graeci
370 1500 656 1548 antiquissimi
695 1501 797 1548 quid
839 1501 1059 1540 senserint
1101 1502 1152 1540 de
1189 1502 1421 1540 mulierum
1458 1503 1664 1541 isocratia
1695 1524 1750 1528 —-

119 1578 166 1615 ut
206 1576 440 1614 mittamus
484 1587 599 1615 nunc
641 1577 1044 1626 gynaecocratiam,
1091 1600 1142 1604 —
1187 1587 1315 1616 nemo
1353 1578 1544 1617 Homero
1576 1577 1753 1617 brevius

122 1652 362 1701 expressit;
396 1652 558 1691 Hector
590 1652 708 1690 enim
743 1652 863 1690 hisce
896 1651 1041 1690 verbis
1074 1663 1256 1691 uxorem
1291 1654 1470 1692 domum
1501 1653 1663 1693 mittit:

415 1723 494 1765 ἀλλ’
530 1726 585 1773 εἰς
616 1728 761 1766 ,Ροῖκον
795 1726 912 1765 ἰοῦσα
943 1723 988 1764 τέ
1026 1726 1150 1777 αὐτῆς
1181 1726 1307 1779 ,Ρέργα
1339 1727 1491 1778 κόμιζε,

411 1802 521 1841 ἱστόν
553 1799 579 1841 τ’
616 1800 819 1854 ἠλακάτην
852 1817 908 1852 τε,
939 1801 1006 1840 καὶ
1037 1801 1301 1853 ἀμφιπόλοισι
1332 1802 1465 1842 κέλευε

413 1876 563 1931 fs'pyov
596 1877 841 1929 ἐποίχεσθαι·
873 1877 1043 1929 πόλεμος
1076 1875 1111 1917 δ’
1147 1877 1335 1931 ἄνδρεσσι
1366 1879 1536 1930 μελήσει.

116 1954 325 1994 Herodoti
351 1965 453 1994 vero
480 1955 754 2003 temporibus
782 1954 1018 1993 mulierum
1048 1965 1157 2003 quae
1186 1957 1368 1994 vocatur
1386 1956 1676 2004 emancipatio
1696 1979 1748 1984 ——

118 2040 187 2069 res
228 2030 376 2079 procul
418 2030 547 2069 dubio
580 2031 624 2069 in
656 2030 779 2069 Ionia
810 2032 916 2069 nata
951 2053 1002 2058 —
1037 2031 1224 2069 Athenis
1256 2041 1360 2070 suos
1391 2031 1473 2070 sibi
1506 2032 1754 2070 defensores

118 2106 360 2145 invenerat.
405 2106 641 2155 sophocles
672 2106 942 2154 Antigonam
975 2106 1178 2159 παρρησίᾳ
1211 2107 1408 2145 inaudita
1438 2106 1614 2146 Creonti
1646 2107 1758 2146 oblo-

121 2183 268 2221 cutam
302 2182 344 2221 in
377 2192 558 2221 scenam
584 2182 868 2231 produxerat,
900 2191 996 2220 cum
1025 2182 1204 2221 Ismena
1231 2183 1486 2221 vetustioris
1505 2184 1759 2232 exemplum

122 2257 363 2297 modestiae
405 2268 427 2296 e
470 2257 736 2306 Thucydidis
777 2258 924 2306 potius
966 2259 1215 2306 praeceptis
1257 2259 1313 2302 (II
1354 2261 1423 2304 45)
1467 2260 1604 2298 vitam
1636 2260 1758 2298 insti-

119 2333 258 2372 tuisse
299 2333 535 2372 videretur.
577 2333 740 2372 Eodem
782 2333 912 2372 modo
955 2333 1126 2373 Electra
1169 2336 1212 2373 et
1249 2334 1583 2383 Chrysothemis
1613 2346 1754 2374 recen·

117 2410 275 2449 tiorem
307 2412 350 2449 et
382 2410 673 2457 antiquiorem
707 2410 957 2459 opinionem
987 2411 1248 2450 referebant.
1278 2411 1376 2449 Mox
1403 2411 1628 2459 Euripides
1656 2421 1755 2449 cum

120 2486 163 2524 in
207 2486 411 2535 choricis‚
456 2486 529 2524 ubi
571 2487 746 2535 saepius
788 2488 918 2534 poeta
960 2497 1087 2525 suam
1119 2487 1260 2535 ipsius
1293 2487 1563 2525 sententiam
1598 2487 1754 2535 aperit,

118 2562 214 2600 tum
247 2561 289 2600 in
319 2561 504 2609 dialogis
531 2561 741 2600 mulieres
768 2562 818 2600 de
846 2563 970 2600 statu
998 2571 1076 2600 suo
1094 2562 1371 2611 disputantes
1388 2563 1691 2601 introduxerat
1716 2560 1756 2611 1),

119 2637 233 2684 quod
274 2637 366 2685 ipse
410 2637 615 2675 censebat
658 2637 842 2675 minime
886 2637 1062 2676 celarat.
1101 2637 1345 2686 Componat
1376 2638 1485 2676 mihi
1517 2638 1755 2676 benevolus

118 2712 254 2751 lector
296 2712 513 2761 Euripidis
556 2712 847 2761 Iphigeniam,
893 2722 1002 2759 quae
1047 2713 1326 2751 exclamans:
1373 2712 1443 2761 ,,ἔά
1486 2710 1527 2750 δὲ
1561 2712 1690 2750 σῶσαί
1718 2709 1750 2761 μ’

163 2848 189 2889 1)
213 2852 283 2881 Leo
314 2852 478 2881 Blochins
501 2850 537 2880 in
560 2850 679 2880 libello
707 2849 1040 2885 „Alkestisstndien”
1065 2852 1142 2880 fuse
1169 2851 1339 2888 docteque
1365 2852 1427 2880 hac
1452 2851 1494 2879 de
1520 2860 1555 2880 re
1581 2851 1755 2880 disserens

117 2913 297 2941 strenuum
330 2914 512 2949 patronum
541 2910 753 2948 „sequioris”
777 2919 878 2940 sexus
904 2912 1013 2940 semet
1036 2909 1153 2949 ipsum
1178 2912 1340 2941 ostendit.
1366 2912 1582 2948 Quamquam
1608 2912 1663 2940 hio
1683 2910 1756 2939 illic

117 2971 232 3001 studio
264 2972 431 3010 abreptus
462 2972 578 3001 lenum
611 2970 720 3001 risum
754 2973 887 3007 movet;
920 2969 1034 3008 quivis
1066 2975 1182 3001 autem
1213 2972 1385 3009 intellegit
1415 2980 1517 3009 quam
1544 2970 1686 3001 difficile
1710 2971 1756 3000 sit

117 3032 260 3064 modum
285 3041 351 3063 non
380 3033 546 3064 excedere
572 3033 630 3062 ubi
657 3032 788 3063 amicae
813 3030 848 3061 in
871 3031 1036 3062 honorem
1060 3031 1124 3061 hoc
1149 3032 1191 3062 de
1212 3035 1415 3070 argumento
1436 3041 1523 3071 opus
1545 3032 1752 3062 conscribas.
