2141 3487
827 315 880 342 DE
913 314 1111 342 CARNms.
1698 306 1777 342 157

211 429 406 468 Priscum
441 435 589 467 autem
624 439 792 467 morem
827 429 995 466 tamdiu
1030 430 1278 476 perstitisse
1311 439 1386 467 cur
1418 438 1648 476 negemuS‚
1684 439 1779 467 cum

151 504 192 543 C.
212 505 244 544 Ι.
265 505 311 543 G.
360 506 493 543 1446a
537 514 617 543 nos
660 505 832 551 doceat,
879 504 1007 542 altero
1043 505 1178 542 etiam
1207 507 1298 552 post
1332 503 1374 543 C.
1410 514 1450 542 n.
1486 505 1659 542 saeculo
1694 515 1781 542 mu-

147 580 297 619 lierem
344 580 495 619 Carnei
539 581 605 619 dei
640 580 833 619 functam
869 590 965 618 esse
998 580 1243 618 sacerdotio
1276 580 1318 617 in
1352 579 1520 617 familia
1551 589 1632 617 sua
1665 579 1783 617 here-

148 656 337 694 ditario?
389 656 420 693 E
476 656 719 694 sacerdotio
776 658 923 694 autem
981 654 1204 703 muliebri,
1264 657 1312 693 ut
1369 655 1410 692 in
1460 656 1649 692 transitu
1704 655 1783 693 hoc

147 731 396 780 observem,
445 731 690 770 luculenter
738 733 920 780 apparet
968 741 992 769 a
1037 731 1174 769 Marte
1231 732 1272 768 et
1319 739 1363 768 re
1411 730 1592 768 militari
1641 729 1785 768 aliena

147 806 284 846 fuisse
318 806 496 846 Carnea.

207 883 301 921 Iam
336 883 564 921 videamus
596 892 680 931 quo
712 882 780 920 die
813 881 965 921 Carnei
999 882 1165 920 mensis
1197 880 1437 931 (Iul.sAug.)
1467 879 1581 930 ἑορτή
1608 882 1781 920 initium

147 958 359 997 habuerit.
393 959 551 997 Narrat
583 958 844 997 Plutarchus
868 953 893 1002 ¹)
926 957 1154 996 Platonem
1183 956 1373 1007 γενέσθαι
1403 956 1640 1006 Θαργηλίοις
1668 957 1783 1005 Ἀθή-

148 1045 259 1083 νησι1
304 1033 574 1074 Carneadem
620 1034 795 1083 Κάρνεια
843 1034 1086 1083 Κυρηναίων
1129 1030 1318 1083 ἀγόντων.
1363 1033 1516 1071 Addit:
1560 1031 1709 1083 ἕβδόμῃ
1743 1030 1784 1069 δὲ

146 1107 374 1158 ἀμφοτέρας
406 1108 675 1159 ἑορτάζουσιν.
709 1110 867 1148 Eodem
903 1109 1136 1157 igitur-die
1169 1118 1252 1156 quo
1285 1109 1447 1156 etipse
1475 1108 1628 1157 Apollo
1655 1114 1785 1147 natus

146 1186 371 1225 ferebatur
415 1208 466 1213 ——
502 1187 574 1233 qui
607 1186 706 1224 inde
731 1181 1034 1235 Ἑβδομαγένης
1069 1183 1274 1222 audiebat
1308 1206 1358 1211 —
1396 1183 1590 1232 Cyrenae
1623 1184 1787 1223 Carnea

144 1261 413 1309 incipiebant
469 1261 796 1309 agebanturque
853 1270 989 1307 usque
1046 1260 1096 1297 ad
1155 1259 1268 1297 diem
1322 1260 1539 1298 decimum
1590 1263 1781 1299 sextum.

145 1336 348 1375 Etiamne
390 1336 599 1385 Spartae?
631 1337 743 1374 Nam
775 1337 889 1374 hanc
921 1335 1224 1382 quaestionem
1256 1345 1310 1373 ne
1342 1335 1604 1374 omittamus
1637 1338 1785 1374 monet

146 1412 373 1461 inscriptio
406 1412 571 1451 Therae
604 1415 793 1460 reperta,
829 1411 882 1449 ab
916 1411 1081 1449 Hillero
1114 1411 1232 1448 edita
1265 1411 1307 1449 in
1341 1411 1503 1450 Herme
1537 1412 1702 1455 (1901):

536 1486 764 1538 Άγλωτέλης
797 1486 1007 1537 πράτιστος
1040 1485 1192 1537 ἀγορὰν
1225 1487 1363 1525 Ιιικάδι

536 1565 755 1612 Κα[ρ]νῆια
787 1561 887 1600 θεὸν
919 1562 1152 1608 δείπν[ι]ξεν
1184 1562 1477 1600 Ιῑούνιπαντίδα

1099 1636 1165 1674 καὶ
1200 1641 1431 1686 Λακαρτῶς.

148 1714 265 1764 Quae
305 1714 437 1753 verba
479 1714 718 1753 admodum
761 1714 946 1753 obscura
979 1725 1019 1752 v,
1054 1714 1093 1754 d.
1126 1714 1188 1751 ita
1221 1714 1374 1752 vertit:
1413 1713 1682 1762 „AgloteleS,
1717 1713 1790 1752 der

147 1790 264 1829 Sohn
297 1790 374 1829 des
406 1790 694 1838 Enipantidas
725 1791 813 1828 und
846 1790 920 1827 der
952 1789 1159 1837 Lakarto,
1195 1789 1444 1827 allererster
1470 1790 1512 1826 in
1541 1789 1615 1827 der
1643 1788 1789 1827 offent-

147 1866 289 1904 lichen
323 1866 458 1914 Rede,
495 1866 571 1904 hat
603 1876 674 1904 am
709 1866 778 1905 20.
815 1865 1062 1911 [Karneios]
1092 1865 1192 1903 dem
1221 1864 1350 1903 Gotte
1378 1865 1445 1903 ein
1465 1865 1789 1903 Karneenrnahl

148 1941 438 1981 zubereitet.''

207 2017 311 2056 Mihi
352 2018 394 2056 id
438 2018 567 2056 modo
609 2020 777 2056 certum
822 2017 1016 2056 videtur:
1051 2016 1240 2055 vicesimo
1273 2017 1440 2054 mensis
1472 2017 1539 2054 die
1571 2016 1787 2054 'Pheraeos

147 2093 277 2132 deum
333 2093 536 2132 convivio
584 2093 830 2141 excepisse,
880 2092 1214 2138 rectissimeque
1263 2091 1479 2130 Hillerum
1529 2094 1789 2130 annotasse:

152 2179 282 2216 „man
323 2169 474 2216 weiss,
518 2169 622 2206 dass
664 2178 712 2206 es
753 2168 911 2216 gerade
955 2167 1032 2206 auf
1071 2168 1168 2206 dem
1202 2167 1348 2213 gebiet
1380 2168 1455 2206 des
1488 2168 1788 2215 griechischen

148 2244 391 2283 Kalenders
424 2244 614 2283 uberans
645 2244 846 2282 misslich
880 2244 954 2292 ist,
983 2254 1079 2281 von·
1097 2244 1240 2281 einem
1271 2243 1372 2282 Orte
1400 2243 1476 2282 auf
1500 2243 1580 2282 den
1601 2244 1789 2281 anderen

148 2331 202 2359 zu
235 2320 523 2359 schliessen.'’
567 2320 635 2358 Sic
679 2320 753 2358 Coi
795 2329 880 2358 non
924 2319 1160 2367 quotannis
1201 2320 1274 2357 sed
1313 2319 1443 2357 tertio
1476 2329 1645 2366 quoque
1676 2329 1789 2357 anno

149 2397 316 2436 Carnea
347 2397 533 2444 agebant
559 2393 599 2441 ²).

209 2474 362 2520 Itaque
404 2472 599 2511 subsidia
641 2472 726 2510 alia
769 2473 815 2509 ut
853 2482 923 2509 res
966 2471 1017 2509 ad
1050 2470 1182 2509 finem
1215 2471 1476 2519 perducatur
1510 2479 1788 2509 arcessamus

148 2558 329 2588 necesse
361 2550 451 2595 est;
486 2557 800 2586 recenseamus
832 2547 952 2585 locos
984 2546 1056 2584 ubi
1088 2546 1139 2584 de
1171 2545 1353 2584 Carneis
1384 2546 1541 2593 agitur.

208 2623 341 2662 Thuc.
384 2623 433 2671 V,
481 2624 535 2661 54
578 2622 747 2660 nullam
784 2632 910 2669 opem
945 2621 1071 2659 affert
1104 2621 1156 2658 ad
1189 2621 1489 2667 quaestionem
1522 2620 1785 2668 propositam

148 2699 452 2738 dirimendam.
497 2697 605 2736 Cum
648 2707 750 2736 vero
789 2697 859 2735 hic
890 2697 1012 2735 locus
1045 2696 1343 2734 observationi
1376 2696 1639 2734 utilissimae
1671 2705 1786 2743 prae-

149 2774 250 2814 beat
281 2784 455 2823 ansam,
490 2773 682 2812 oblatam
716 2772 992 2811 occasionem
1025 2771 1178 2809 statim
1210 2771 1400 2818 arripere
1432 2770 1541 2808 mihi
1572 2770 1716 2808 liceat.

195 2959 218 3000 l)
244 2962 385 2998 Quaest.
410 2962 527 3000 Symp.
553 2961 645 2997 VIII,
671 2962 701 2991 2.

193 3020 220 3063 ²)
246 3023 276 3053 J.
292 3023 332 3052 H.
347 3023 379 3052 S.
404 3022 462 3061 IX,
488 3024 562 3052 328.
589 3022 655 3052 Sed
679 3020 748 3051 vid.
773 3021 926 3051 Dittenb.
953 3020 1035 3058 Syll.
1059 3020 1106 3050 ΙΙ.
1127 3029 1160 3058 p.
1181 3021 1245 3050 408
1271 3021 1357 3049 Ann.
1382 3020 1412 3048 8.
