2200 3487
434 336 515 374 176
1099 348 1152 375 DE
1185 347 1381 376 cARNms.

490 460 570 498 Sed
603 461 654 498 de
688 460 805 498 hisce
837 461 925 498 iam
957 461 1079 500 satis,

486 534 760 573 Doriensium
817 536 988 583 Apollo,
1048 536 1120 583 qui
1170 536 1350 573 ultimus
1403 537 1527 574 iuxta
1572 537 1764 583 Lunam,
1813 535 2048 582 Carneum,

430 609 711 657 Chthoniam,
762 611 1003 658 Dionysum
1051 611 1196 649 locum
1245 611 1288 648 in
1339 610 1518 649 Carneis
1564 611 1803 659 obtinebat,
1850 610 2052 648 audiebat

428 684 570 732 Apollo
593 682 778 733 Carnus,
811 686 943 723 donec
972 696 1071 723 cum
1100 685 1285 733 Carneo,
1316 685 1497 733 coaluit,
1528 686 1680 724 deinde
1699 686 1842 734 Apollo
1862 684 2052 724 Carneus

426 761 568 799 factus
616 764 696 798 est.
746 761 910 798 Iniuria
955 761 1090 808 igitur
1138 761 1278 808 Bergk
1316 756 1343 804 ¹)
1395 761 1506 808 apud
1551 761 1789 798 Praxillam
1836 761 2048 809 poetriam

431 836 702 884 sicyoniam,
737 845 845 882 quae
881 857 932 862 —
966 837 1015 873 ut
1043 835 1236 873 vidimus
1268 845 1399 883 supra
1427 857 1478 862 —
1515 836 1871 882 antiquissimum
1891 835 2050 873 Achae-

428 922 551 949 orum
586 911 772 949 canebat
803 911 951 958 deum,
986 910 1305 948 restituendum
1339 910 1509 948 censuit
1540 910 1698 958 Κάρνος
1736 921 1810 958 pro
1844 910 2051 958 Κάρνειος.

427 986 506 1025 Ille
539 988 687 1025 autem
721 986 876 1034 Apollo
909 986 1021 1023 diem
1055 985 1218 1023 festum
1252 985 1535 1032 pastoricium
1562 1008 1614 1012 —
1643 986 1731 1023 iam
1765 984 1817 1023 ab
1851 985 2052 1033 agricolis

428 1063 555 1101 novis
596 1061 872 1100 caerimoniis
915 1061 966 1099 ad
1008 1060 1191 1108 Dionysi
1234 1060 1399 1099 cultum
1434 1061 1751 1108 pertinentibus
1783 1063 1958 1099 auctum
1996 1082 2049 1088 ——

427 1139 550 1176 auxit
583 1148 697 1176 novo
730 1147 850 1175 more
882 1141 950 1174 τοῦ
983 1136 1218 1174 ἱλάσκεσθαι
1250 1135 1318 1173 τὸν
1348 1136 1459 1173 θεὸν.

485 1214 749 1251 Rectissime
806 1212 1001 1250 Rohdius
1059 1212 1163 1250 olim
1219 1211 1472 1250 observavit
1506 1207 1534 1256 2)
1583 1212 1782 1259 antiquos
1830 1211 2049 1258 Achaeos,

427 1290 578 1337 quales
619 1289 776 1336 depicti
809 1291 911 1326 sunt
943 1288 1056 1335 apud
1090 1287 1354 1334 Homerum,
1391 1288 1585 1325 caruisse
1618 1287 1770 1325 diebus
1802 1287 1945 1335 festis,
1980 1287 2052 1333 qui

424 1375 635 1418 germana
670 1374 772 1402 voce
804 1364 1013 1411 appellari
1045 1364 1213 1401 soleant
1249 1360 1472 1411 Silhvwfeste.
1506 1363 1688 1411 Scripsit
1723 1362 1853 1401 verba
1889 1372 2051 1400 memo·

426 1442 523 1479 ratu
566 1440 826 1487 dignissima
868 1440 995 1477 baec:
1054 1438 1157 1486 „Die
1200 1438 1474 1486 Ausbildung
1505 1439 1593 1476 und
1624 1438 1912 1476 wucherende
1944 1438 2049 1475 Aus-

426 1516 628 1563 breitung
660 1515 734 1552 der
767 1515 808 1551 in
844 1515 922 1551 den
958 1514 1263 1552 nomerischen
1297 1514 1534 1552 Gedichten
1563 1513 1693 1551 kaurn
1721 1513 1764 1551 in
1792 1513 1873 1551 den
1902 1514 2047 1551 ersten

426 1592 613 1629 leichten
660 1590 978 1636 Andeutungen
1027 1590 1121 1627 sich
1171 1589 1535 1637 ankundigenden
1578 1588 1919 1635 Vorstellungen
1966 1598 2048 1626 von

426 1666 591 1705 uberall
633 1666 875 1704 drohender
917 1665 1179 1713 Befleckung
1221 1665 1309 1703 und
1342 1665 1471 1703 deren
1503 1665 1787 1712 Beseitigung
1819 1664 1951 1702 durch
1984 1664 2052 1703 die

427 1741 564 1780 Mittel
607 1741 725 1780 einer
767 1740 997 1788 religiosen
1039 1740 1469 1788 Reinigungskunst,
1508 1740 1566 1778 ist
1598 1740 1667 1778 ein
1702 1740 2052 1788 Hauptkennzei-

427 1818 536 1855 chen
569 1817 642 1854 der
674 1815 1066 1863 angstbeflissenen
1094 1815 1200 1853 uber
1226 1816 1294 1853 die
1320 1815 1569 1853 Heilmittel
1596 1815 1671 1853 des
1688 1825 1772 1853 von
1791 1815 1871 1853 den
1889 1815 2050 1853 Vatern

427 1892 626 1931 ererbten
660 1891 810 1930 Cultus
843 1891 1251 1938 hinausgreifenden
1295 1890 1612 1938 Frommigkeit
1643 1890 2053 1928 nachhomerischer

428 1968 564 2006 Zeit”.
609 1968 677 2005 Ita
717 1969 805 2012 est,
856 1977 958 2004 nam
1001 1967 1074 2013 qui
1117 1966 1340 2005 homerica
1382 1968 1528 2004 aetate
1569 1966 1820 2013 quempiam
1855 1965 2049 2013 necavit,

424 2044 608 2092 pecunia
639 2043 740 2081 data
772 2042 891 2080 omni
924 2044 1100 2089 peccato
1133 2041 1398 2080 absolvitur:

602 2119 667 2155 καὶ
700 2115 731 2166 ῥ’
771 2114 791 2154 ὃ
825 2115 896 2165 μὲν
929 2115 969 2154 ἐν
1006 2117 1116 2170 ὁήμῳ
1151 2116 1253 2165 μένει
1290 2115 1435 2153 αὐτόθι
1470 2112 1576 2153 πόλλ’
1614 2115 1814 2161 ἀποτίσας.

425 2194 627 2243 Quinimo
657 2193 1027 2241 Theoclymenus,
1056 2193 1159 2231 licet
1175 2193 1436 2231 Telemacho
1456 2191 1720 2230 sacrificanti
1740 2193 2055 2240 appropinquet

426 2270 586 2320 φεύγων
619 2267 655 2315 ἐξ,
680 2267 838 2316 ’Ἄργεος
872 2266 1000 2316 ἄνδρα
1034 2268 1248 2315 κατακτάς,
1276 2290 1329 2295 -—
1363 2268 1423 2305 nil
1456 2269 1571 2305 enim
1607 2268 1820 2314 solverat,
1850 2289 1904 2294 -—
1932 2277 2049 2314 prae-

425 2344 567 2384 sentia
622 2354 702 2382 sua
750 2344 932 2381 minime
977 2343 1176 2390 inquinat
1224 2342 1502 2381 sacrificium.
1550 2343 1748 2380 Primum
1797 2341 2045 2390 exemplum

428 2420 616 2458 hominis
659 2420 704 2457 ob
737 2420 899 2458 caedem
941 2420 1119 2457 lustrati
1164 2422 1312 2457 exstat
1354 2421 1396 2456 in
1430 2429 1558 2466 opere
1590 2418 1936 2466 posthomerico;
1970 2417 2052 2455 fuit

426 2496 638 2547 Achilles,
682 2496 753 2542 qui
793 2495 992 2533 Thersita
1035 2495 1298 2542 interempto
1334 2495 1386 2532 ab
1429 2494 1557 2532 Ulixe
1599 2494 1726 2532 Lesbi
1768 2494 1982 2531 lustratur
2004 2488 2048 2537 ⁸).

427 2571 645 2619 Quantum
689 2571 870 2609 aberant
913 2572 1016 2608 haec
1057 2573 1257 2618 tempora
1299 2570 1350 2608 ab
1395 2570 1496 2617 illis,
1525 2569 1695 2621 ‚quibus
1737 2569 2047 2616 Athenienses,

427 2647 570 2685 caedis
603 2646 654 2684 ab
686 2646 778 2684 aliis
804 2647 1072 2693 perpetratae
1099 2645 1244 2683 nuntio
1271 2646 1400 2683 modo
1427 2645 1579 2693 allato,
1609 2654 1656 2682 se
1682 2645 1800 2692 ipsos
1817 2654 1913 2682 esse
1930 2645 2048 2691 inqu-

424 2723 569 2760 inatos
615 2722 827 2769 putabant
853 2716 896 2765 4).
946 2722 1274 2759 Lustrationum
1322 2722 1467 2758 autem
1516 2721 1646 2768 ritus,
1696 2729 1794 2758 cum
1838 2730 1860 2757 e
1903 2718 2046 2767 Creta,

426 2797 780 2846 Epimenidarum
824 2798 985 2845 patria,
1020 2801 1143 2835 ortus
1175 2807 1272 2835 esse
1304 2797 1505 2834 videatur
1537 2818 1588 2823 ——-
1623 2795 1869 2844 Apollinem
1903 2775 2047 2844 ipsum

475 2984 500 3024 ¹)
525 2987 619 3015 Poet.
646 2985 723 3022 Lyr.
749 2982 817 3014 ΙΙΙ3
842 2994 873 3022 p.
899 2986 972 3014 568.
1242 2981 1267 3024 ²)
1293 2985 1426 3022 Psyche
1452 2984 1484 3013 11
1513 2993 1545 3022 p.
1571 2986 1622 3013 51.

469 3045 496 3086 ³)
522 3047 717 3085 Aethiopis,
744 3046 889 3082 Wagner
912 3055 944 3084 p.
971 3046 1044 3075 242.
1236 3043 1263 3084 ⁴)
1288 3046 1378 3075 Plut.
1404 3054 1518 3083 praec.
1543 3053 1613 3082 ger.
1640 3045 1734 3074 XVII
1759 3054 1790 3083 p.
1817 3046 1931 3074 81413.
