2141 3487
855 301 908 328 Dr:
941 299 1139 328 CARNffls.
1731 286 1779 323 17
1791 286 1809 322 1

242 421 361 459 Haec
389 420 492 457 sunt
519 426 628 464 quae
657 416 708 454 de
737 414 907 453 umbris
937 418 1135 451 veterum
1155 411 1389 450 observare
1409 410 1554 448 velim.
1575 409 1814 447 Praebetne

178 496 366 534 fortasse
399 493 500 532 talis
534 491 716 531 umbrae
748 489 986 538 imaginem
1018 497 1096 526 vas
1122 488 1286 535 pictum
1317 486 1427 533 quod
1457 496 1481 523 a
1510 486 1550 524 S.
1579 485 1815 523 Reinachio

176 573 237 610 ita
263 574 331 610 est
358 570 625 618 descriptum
652 564 701 612 l):
734 567 943 616 „Satyres
968 565 1275 613 vendangeant
1293 573 1376 602 une
1393 561 1536 601 treille
1554 561 1604 599 de
1623 560 1815 608 vigne’“?

178 647 353 685 Mensae
406 645 574 693 positae
621 646 726 683 sunt
772 642 852 682 sub
900 642 1120 691 pampinis
1167 640 1268 679 uvis
1316 636 1662 683 abundantibus;
1712 635 1815 673 dum

176 722 335 761 absunt
366 720 584 769 agricolae
617 719 756 768 satyri
783 717 1074 758 ascenderunt
1100 717 1143 755 in
1173 725 1351 754 mensas
1379 714 1579 760 vitesque
1607 711 1817 750 fructibus

178 799 283 836 sunt
315 796 521 836 orbaturi.

236 1254 375 1302 Supra
419 1254 610 1292 vidimus
651 1254 694 1292 in
737 1252 917 1292 Carneis
958 1249 1315 1300 σταφυλοδρόμους
1359 1248 1428 1294 (cf.
1474 1245 1643 1296 -δρόμας
1682 1243 1818 1283 C.I.G.

182 1329 308 1378 1387,
347 1330 474 1374 1388)
507 1330 689 1368 iuvenes
721 1328 953 1377 pampinos
986 1326 1191 1365 manibus
1217 1325 1420 1364 tenentes
1447 1321 1648 1372 persequi
1667 1319 1822 1359 solitos

177 1405 315 1444 fuisse
347 1405 574 1445 hominem
607 1404 796 1454 στέμμασι
833 1402 1152 1454 περιδεδεμένον,
1181 1411 1264 1449 quo
1292 1402 1418 1449 capto
1447 1398 1612 1448 optima
1638 1394 1821 1444 quaevis

179 1481 276 1520 urbi
321 1483 664 1530 augurabantur.
708 1478 1048 1530 Σταφυλοὸρόμοι
1089 1478 1153 1517 illi
1196 1500 1248 1505 —
1293 1485 1478 1524 quorum
1517 1482 1678 1512 nomen
1711 1470 1822 1510 satis

178 1567 394 1606 superque
435 1558 599 1597 indicat
642 1557 807 1596 Carnea
837 1558 932 1594 tum
967 1555 1164 1603 demum,
1200 1563 1299 1592 cum
1334 1562 1355 1590 e
1388 1551 1478 1589 vita
1509 1547 1745 1598 pastoricia
1777 1546 1820 1583 in

179 1634 418 1673 vinitorum
451 1634 755 1682 transiissent,
789 1633 915 1671 novis
950 1632 1019 1670 his
1044 1628 1321 1670 caerimoniis
1349 1627 1479 1665 aucta
1505 1634 1602 1664 esse
1622 1646 1672 1651 —
1695 1622 1823 1670 elige-

179 1708 337 1747 bantur
385 1720 406 1749 e
455 1709 748 1758 Carneatidis,
798 1719 983 1756 quorum
1025 1708 1109 1746 fuit
1152 1705 1342 1745 officium
1388 1706 1436 1743 ut
1478 1703 1570 1747 τοὺς
1604 1698 1665 1738 ἐπὶ
1698 1698 1820 1750 τρύγῃ

173 1786 426 1825 incitarent.
461 1786 585 1825 Unde
617 1787 813 1824 statuere
840 1784 944 1823 licet
971 1794 1091 1832 eum,
1122 1793 1250 1831 quem
1278 1781 1566 1826 sectarentur,
1595 1774 1821 1814 hominem

180 1861 388 1901 nimirum
421 1861 630 1901 animalis
662 1861 822 1900 vellere
855 1860 1078 1908 indutum,
1113 1859 1250 1897 fuisse
1283 1857 1540 1896 daemonem
1577 1849 1823 1890 vindemiae

181 1938 420 1987 propitium
444 1934 488 1983 2).
532 1938 643 1976 Nam
690 1938 844 1985 captus
877 1936 1045 1984 optima
1080 1934 1262 1982 quaevis
1293 1930 1617 1982 praesagiebat,
1654 1928 1692 1966 si
1724 1936 1826 1964 vero

181 2013 453 2062 aufugiebat,
497 2014 667 2052 malum
712 2013 952 2051 habebatur
995 2021 1137 2050 omen.
1180 2009 1344 2048 Deinde
1382 2018 1480 2046 cum
1516 2017 1570 2045 ex
1605 2002 1823 2051 Hesychio

182 2090 406 2128 discamus
462 2090 708 2138 Dionysum
762 2085 934 2138 Ἐρίφου
992 2087 1251 2135 cognomine
1309 2085 1516 2123 adorasse
1563 2082 1756 2119 Lacones
1779 2075 1822 2126 3),

181 2165 422 2205 verisimile
470 2166 639 2204 videtur
685 2165 927 2212 Dionysum
976 2162 1243 2211 Haedulum,
1290 2161 1357 2200 ve]
1409 2159 1554 2208 potius
1601 2155 1825 2195 hominem

184 2241 256 2290 qui
282 2242 413 2280 huius
440 2241 509 2280 dei
534 2243 682 2289 partes
705 2240 878 2289 agebat,
897 2241 1152 2288 persecutos
1170 2247 1267 2276 esse
1285 2235 1378 2281 τοὺς
1397 2233 1758 2283 σταφυλοὸρόμους
1780 2229 1826 2275 ⁶²).

184 2317 254 2356 Sic
286 2319 472 2366 quatuor
505 2317 720 2355 habemus
754 2315 935 2354 numina
968 2324 1155 2362 quarum
1190 2313 1231 2351 in
1267 2311 1446 2351 Carneis
1480 2310 1651 2358 aliquae
1679 2309 1827 2357 partes

185 2396 333 2432 erant:
377 2393 615 2442 Carneum,
660 2392 862 2442 Σελήνην,
893 2391 1081 2428 Χθονίαν
1115 2385 1386 2438 (εἛκάτην,
1418 2389 1530 2436 Γῆν),
1565 2385 1824 2432 Dionysum.

182 2470 345 2508 Eodem
390 2469 518 2508 modo
561 2468 726 2516 Phlyae
769 2468 812 2506 in
856 2468 982 2506 demo
1025 2466 1158 2505 attico
1197 2464 1418 2504 coniuncti
1452 2464 1577 2501 erant
1610 2460 1829 2506 Διόνυσος,

185 2547 243 2596 Γῆ
286 2542 337 2595 ἣν
381 2546 580 2598 Μεγάλην
624 2544 726 2584 Θεὸν
768 2542 1029 2594 ὀνομάζουσι,
1062 2542 1239 2595 Ἄρτεμις
1280 2541 1541 2589 Σελασφόρος
1562 2535 1604 2584 5).
1640 2538 1826 2587 Quartus

233 2716 258 2756 ι)
283 2718 423 2756 Repert.
448 2718 479 2748 d.
508 2718 612 2747 Vases
639 2716 755 2756 points
782 2718 820 2747 T.
845 2717 879 2747 II
904 2725 937 2754 p.
965 2717 1016 2746 24.

230 2777 258 2817 2)
284 2780 334 2809 cf.
361 2780 501 2810 Nilsson
526 2789 556 2809 o.
582 2780 602 2809 l.
628 2788 707 2818 pag.
734 2780 795 2808 121
820 2787 871 2816 sq.

229 2837 257 2878 ³)
284 2841 334 2871 Cf.
361 2843 545 2882 εἰραφιώτης
567 2841 691 2878 Hymn.
716 2841 817 2872 Hom.
841 2840 896 2878 34,
923 2840 953 2868 2.

358 2905 552 2943 ἔρραφεώτας
578 2900 695 2931 Alcaei
717 2901 756 2930 fr.
785 2901 825 2930 90
851 2897 903 2929 B4.

228 2961 258 3001 ⁴)
281 2963 332 2993 Cf.
358 2965 446 2993 Διόν.
473 2964 630 3000 Κναγεύ;;
655 2965 780 2992 κνάκιον
795 2963 972 3001 Ξτράγος,

233 3022 258 3063 ⁸)
283 3024 387 3054 Paua.
416 3024 442 3059 Ι,
467 3024 520 3060 31,
546 3025 576 3052 4.
