2200 3487
455 328 534 365 106
1148 340 1197 367 DE
1230 341 1374 368 ArAcE.

447 450 740 497 pulcherrima
771 451 845 489 illa
871 452 1057 500 Melissa,
1085 463 1194 500 quae
1222 452 1388 505 ᾠνοχόει
1416 459 1465 505 τῷ
1497 453 1733 506 Περιάνδρῳ
1763 454 1936 498 (Athen.
1956 452 2076 500 XIII,

451 525 563 574 589),
598 536 782 573 poenam
816 527 1045 565 solvebant
1077 527 1128 565 ob
1163 527 1371 566 delictum
1405 528 1625 574 quoddam
1655 528 1940 566 commissum
1961 537 2079 565 man—

448 600 591 647 sitque
622 601 692 639 hic
723 611 820 639 mos
850 611 985 649 paene
1018 612 1154 648 usque
1186 602 1239 640 ad
1272 602 1498 640 Plutarchi
1531 604 1739 641 aetatem.

508 675 573 713 Ad
606 675 778 714 initium
810 675 943 723 igitur
975 681 1042 725 τῆς
1074 673 1263 726 ἡμετέρας
1295 674 1452 726 ἐποχῆς.
2047 731 2053 734 -

507 749 637 788 Hisce
671 761 773 789 vero
806 751 843 789 si
875 750 1129 790 adiunxeiis
1167 752 1300 790 verba
1333 752 1474 791 Schol.
1509 753 1553 790 N
1583 753 1663 791 66:
1700 755 1879 802 „nemea
1913 751 1955 791 ὁὲ
1986 751 2080 791 οὐὸὲ

448 824 549 862 οὕτω
582 830 649 875 τῆς
682 823 800 877 ὀργῆς
829 824 1049 875 ἐπαύσατο,
1076 825 1172 864 ἀλλὰ
1200 826 1267 864 καὶ
1299 827 1391 872 τοὺς
1421 826 1605 877 Λοκροὺς
1633 824 1859 878 ἠνάγκασεν
1887 827 1948 866 ἐπὶ
1976 828 2078 879 χίλια

445 898 511 948 ἔτη
544 899 597 946 εἰς
622 898 742 938 Ἴλιον
779 899 818 938 ἐκ
852 901 1002 951 κλήρου
1034 901 1268 951 παρθένους
1300 900 1502 951 πέμπειν”
1534 899 1722 952 (Gallim.
1756 903 1799 940 in
1834 901 1869 940 α’
1902 903 2078 952 Αἰτίων),

446 976 729 1014 statuendum
774 977 855 1015 erit
893 987 1061 1016 morem
1106 978 1325 1025 virginum
1371 978 1542 1026 piaculo
1575 978 1890 1016 mittendarum
1924 979 2024 1017 inde
2055 989 2081 1017 a

445 1050 596 1089 Troiae
619 1052 739 1089 exitu
764 1061 838 1099 per
865 1052 1142 1091 millennium
1172 1063 1308 1100 usque
1337 1053 1389 1090 ad
1408 1052 1626 1091 Christum
1648 1055 1802 1091 natum
1821 1053 2078 1092 obtinuisse.

506 1126 668 1165 Versus
715 1137 847 1175 supra
895 1128 1015 1166 allati
1059 1139 1084 1167 a
1122 1129 1337 1167 Meinekio
1381 1129 1622 1177 Touppium
1664 1130 1888 1168 auctorem
1930 1131 2080 1167 secuto

447 1201 586 1246 (Anal.
620 1202 745 1240 Alex.
780 1213 819 1250 p.
858 1204 954 1247 165)
989 1203 1295 1242 tribuebantur
1326 1204 1615 1252 Euphorionis
1648 1203 1935 1252 Chiliadibus;
1970 1204 2079 1252 cogi-

445 1277 568 1315 tabat
625 1279 669 1315 et
726 1278 888 1325 cogitat
945 1279 1082 1317 etiam
1130 1289 1245 1317 nunc
1291 1279 1612 1318 Herwerdenus
1659 1279 1709 1317 de
1757 1279 1840 1317 Iliu
1886 1279 2076 1318 Perside.

441 1347 673 1401 Ἐπέχομεν.

505 1428 634 1467 Plura
666 1431 883 1467 memorat
917 1429 1159 1467 scholiasta
1191 1430 1243 1467 ad
1276 1430 1487 1478 Lycophr.
1522 1429 1648 1468 Alex.
1682 1431 1791 1468 1141
1820 1439 1934 1478 sqq.:
1973 1433 2079 1478 „loa-

449 1508 526 1552 μοῦ
564 1503 826 1553 κατασχόντος
859 1502 930 1552 τὴν
963 1503 1146 1554 Λοκρίδα
1180 1502 1245 1542 διὰ
1277 1503 1348 1553 τὴν
1383 1504 1437 1550 εἷς
1471 1504 1743 1554 Κασσάνδραν
1775 1503 2078 1554 ἀθεμιτομιξίαν

450 1578 622 1625 Αἴαντος
661 1577 823 1630 ἔχρησεν
857 1577 876 1617 ὅ
910 1579 1005 1625 θεὸς
1038 1578 1272 1630 παρθένους
1306 1578 1554 1626 ἐνιαυσιαίας
1587 1580 1639 1626 εἰς
1676 1580 1822 1631 Τροίαν
1855 1586 1900 1634 τῇ
1927 1582 2078 1633 Ἀθηνᾷ

450 1652 702 1693 ἀποστέλλειν
747 1653 809 1692 ἐπὶ
851 1655 954 1705 χίλια
998 1654 1073 1705 ἔτη·
1106 1655 1357 1705 πεμπόμεναι
1389 1652 1431 1693 δὲ
1464 1650 1579 1693 αὗται
1615 1654 1854 1704 ἐφονεύοντο
1887 1654 1966 1693 ὑπὸ
1998 1660 2077 1693 τῶν

454 1730 610 1779 Τρώων·
653 1735 984 1780 προυπανῑῶντες
1027 1730 1102 1782 γὰρ
1135 1731 1176 1769 οἵ
1208 1733 1338 1782 Τρῶες
1371 1729 1636 1782 ἐλιθοβόλουν
1669 1730 1802 1777 αὐτάς·
1835 1731 1870 1769 εί
1899 1729 1942 1768 δέ
1973 1744 2076 1776 τινες

449 1804 662 1856 ἐκφύγοιεν
695 1804 942 1843 ἀνελθοῦσαι
973 1805 1105 1856 λάθρα
1138 1806 1191 1852 εἰς
1224 1805 1265 1844 τὸ
1298 1811 1366 1856 τῆς
1394 1809 1565 1855 Ἀθηνᾶς
1593 1806 1700 1857 ἱερὸν
1727 1808 1768 1845 τὸ
1796 1805 1936 1844 λοιπὸν
1960 1800 2077 1844 αὗται

447 1879 585 1931 ἱέρειαι
631 1879 820 1931 ἐγίνοντο·
867 1879 934 1926 τὰς
983 1879 1024 1918 ὁὲ
1068 1880 1352 1929 ἀναιρεθείσας
1399 1880 1535 1920 ἔκαιον
1578 1880 1774 1931 ἀκάρποις
1816 1880 1883 1919 καὶ
1924 1880 2075 1932 ἀγρίοις

448 1956 590 2002 ξύλοις·
621 1954 667 1993 τὰ
700 1953 742 1993 δὲ
774 1953 866 1993 ὀστᾶ
899 1955 1031 1994 αὐτῶν
1065 1954 1143 1994 ἀπὸ
1182 1956 1392 2008 Τράρωνος
1426 1954 1544 2007 ὅρους
1576 1962 1644 2006 τῆς
1675 1956 1817 2006 Τροίας
1844 1956 1897 2002 εἰς
1924 1957 2077 1994 θάλασ-

449 2042 522 2068 σαν
565 2030 759 2081 ἔρριπτον·
801 2030 867 2069 καὶ
900 2032 1020 2069 πάλιν
1062 2031 1103 2070 οἵ
1132 2030 1287 2083 Λοκροὶ
1320 2030 1558 2070 ἀπέστελλον
1592 2031 1724 2077 ἄλλας.
1757 2032 1901 2081 ταύτης
1935 2029 1977 2069 δὲ
2008 2036 2075 2081 τῆς

447 2106 619 2157 ἱστορίας
652 2105 716 2144 καὶ
756 2106 999 2157 Καλλίμαχος
1033 2106 1227 2156 μέμνηται
1261 2110 1433 2155 (nempe
1465 2108 1509 2145 in
1543 2106 1577 2144 α’
1613 2107 1788 2152 Αἰτίων).

507 2182 723 2220 Audimus
770 2183 1035 2229 sapientiam
1083 2182 1435 2221 Callimacheam.
1487 2182 1771 2231 „Pestilentia
1818 2191 1917 2220 cum
1964 2182 2079 2220 inter

449 2258 687 2295 Locrenses
736 2258 787 2295 ob
837 2260 1039 2306 stuprum
1088 2259 1140 2297 ab
1188 2259 1321 2298 Aiace
1368 2259 1412 2297 in
1455 2258 1746 2297 Cassandram
1789 2258 2077 2297 commissum

450 2334 678 2383 erupisset,
727 2335 879 2382 Apollo
921 2336 1070 2384 iussit,
1111 2337 1160 2374 ut
1192 2345 1267 2384 per
1299 2335 1575 2374 millennium
1613 2334 1855 2373 ἐνιστσιαῖαι
1889 2333 2084 2380 virgines

449 2407 622 2446 Troiam
665 2409 882 2448 Minervae
916 2410 968 2448 ad
1001 2410 1153 2448 fanum
1189 2411 1483 2449 mitterentur.
1518 2410 1692 2448 Troiani
1725 2412 1874 2448 autem
1907 2407 2080 2456 virgini·

450 2484 528 2521 bus
576 2484 771 2522 insidiati
819 2495 919 2523 cum
961 2485 1062 2524 telis
1105 2496 1153 2524 ac
1196 2485 1414 2534 lapidibus
1448 2495 1522 2524 eas
1555 2484 1942 2534 persequebantur.
1977 2482 2080 2530 Qua-

448 2568 545 2596 rum
594 2559 630 2596 si
677 2569 784 2605 quae
832 2561 1042 2600 Troianos
1085 2561 1344 2609 effugientes
1387 2561 1606 2599 Minervae
1646 2560 1862 2608 templum
1905 2558 2079 2605 assequi

449 2634 681 2680 potuerant
714 2636 870 2675 dehinc
901 2638 1040 2675 totam
1075 2647 1150 2684 per
1182 2637 1397 2683 reliquam
1432 2636 1570 2674 vitam
1611 2637 1714 2674 deae
1757 2634 1988 2673 servitium
2036 2633 2080 2670 in

449 2718 495 2746 se
529 2709 806 2756 recipiebant.
841 2711 1098 2749 Interfectas
1132 2714 1280 2749 autem
1314 2711 1489 2749 Troiani
1522 2711 1651 2759 lignis
1684 2709 1909 2748 sterilibus
1937 2717 2078 2755 agres-

446 2783 648 2830 tibusque
696 2785 1031 2835 comburebant,
1076 2797 1177 2824 ossa
1218 2787 1331 2824 lecta
1374 2787 1425 2824 de
1468 2788 1618 2824 monte
1657 2785 1847 2823 Trarone
1881 2784 1922 2820 in
1957 2792 2078 2820 mare

445 2858 725 2905 proiciebant.
770 2859 821 2897 Et
862 2871 1014 2899 rursus
1056 2862 1293 2900 Locrenses
1326 2861 1566 2899 mittebant
1607 2860 1761 2898 alias.”
1804 2859 1898 2897 Non
1932 2858 2078 2896 omnia

448 2933 554 2972 haec
595 2936 698 2972 sunt
739 2935 978 2982 perspicua.
1019 2933 1292 2982 Ἐνιαυσιαῖος
1326 2935 1585 2974 vocabulum
1619 2934 1763 2972 atticis
1796 2933 2076 2979 inusitatum,

448 3009 523 3047 sed
571 3019 653 3057 quo
696 3011 961 3050 recentiores
1008 3023 1081 3060 pro
1116 3011 1304 3066 ἐνιαυσίῳ
1348 3012 1411 3050 uti
1455 3011 1657 3049 solebant
1690 3013 1789 3057 (qua
1821 3010 1873 3047 de
1905 3018 1950 3046 re
1981 3007 2080 3046 vide
