2200 3487
483 367 563 404 116
1169 378 1219 404 ΒΕ
1253 378 1397 405 ArAcm.

475 500 730 538 supremum
772 491 936 529 obierat
978 491 1093 529 diem
1129 491 1383 529 mittebatur
1414 501 1509 529 una.
1542 491 1603 529 Ne
1635 491 1893 539 Lycophron
1925 489 2099 537 quidem

476 565 527 603 de
560 565 801 612 virginibus
834 566 1068 611 quotannis
1100 565 1249 603 missis
1281 566 1482 612 loquitur.

535 640 712 679 Ceteros
752 641 1047 688 Lycophronis
1089 650 1259 688 versus,
1305 651 1403 678 cum
1447 641 1557 679 satis
1589 642 1679 679 sint
1717 641 1932 689 perspicui
1963 649 2102 687 neque

475 717 706 764 quicquam
739 716 839 754 novi
872 715 1070 763 offerant,
1107 717 1269 753 missos
1302 725 1417 753 nunc
1448 715 1648 754 facimus.

520 789 711 828 '‘''I'amvov
743 790 990 839 κατεὸόμεθα
1023 790 1091 828 τὸν
1119 790 1353 840 Στράβωναῖ
1380 791 1452 837 qui
1480 791 1530 829 de
1558 791 1839 829 Locrensium
1857 791 1943 829 ritu
1961 790 2102 829 fUSiUS

475 867 561 914 egit
592 866 700 904 libro
733 866 837 903 XIII
869 876 908 913 p.
944 866 1028 904 600
1061 876 1148 913 Sq.:
1187 863 1371 916 ,,λε’γουσι
1404 861 1437 902 δ’
1476 865 1517 902 οἱ
1545 870 1622 903 νῦν
1649 861 1773 911 Ἰλιεῖς
1801 864 1868 903 καὶ
1900 871 2015 903 τοῦτο
2047 863 2099 911 ὣς

472 938 566 979 οὐδὲ
607 939 742 985 τελέως
785 939 1022 989 συνέβαινεν
1065 938 1294 989 ἠφανίσθαι
1332 938 1402 989 τὴν
1444 939 1560 978 πόλιν
1601 939 1700 977 κατὰ
1732 939 1879 978 ἅλωσιν
1911 938 1990 978 ὑπὸ
2021 945 2100 978 τῶν

474 1018 649 1065 Ἀχαιῶν,
680 1012 764 1053 οὐδ’
804 1014 1023 1065 ἐξηλείφθη
1058 1013 1259 1053 οὐδέποτε.
1293 1015 1338 1052 αἱ
1365 1020 1465 1066 γοῦν
1498 1015 1695 1064 Λοκρίὸες
1727 1013 1928 1064 παρθένοι
1958 1014 2100 1064 μικρὸν

470 1090 635 1139 ὕστερον
682 1089 898 1140 ἀρξάμεναι
949 1088 1171 1139 ἐπέμποντο
1223 1087 1308 1127 κατ’
1360 1089 1485 1136 ἕτος.”
1532 1092 1633 1140 „At,
1683 1091 1886 1129 observat
1932 1090 2099 1139 Strabo,

471 1167 576 1204 haec
624 1176 708 1204 non
756 1167 858 1203 sunt
910 1166 1142 1204 homerica.
1192 1166 1308 1203 Nihil
1355 1166 1472 1204 enim
1520 1166 1570 1204 de
1621 1166 1782 1204 violata
1829 1164 2099 1203 Cassandrae

469 1242 678 1290 pudicitia
711 1242 823 1290 apud
852 1242 1094 1280 Homerum
1126 1242 1299 1280 invenis
1327 1251 1464 1289 neque
1483 1243 1596 1280 hanc
1625 1241 1677 1280 ob
1706 1251 1886 1279 causam
1905 1241 2099 1279 Minerva

470 1317 592 1355 Aiaci
624 1317 901 1365 naufragium
936 1317 1153 1355 struxisse
1183 1317 1398 1355 videtur.”
1428 1317 1631 1364 Sequitur
1658 1317 1761 1354 hoc:
1784 1315 1877 1363 „tc'xg
1896 1312 1937 1353 δὲ
1954 1315 2103 1362 Λοκρί-

469 1392 539 1438 doeg
581 1395 823 1442 πεμφθῆναι
857 1394 1023 1441 Περσῶν
1062 1391 1140 1442 ἤδη
1173 1392 1427 1441 κρατούντων
1460 1391 1654 1442 συνέβη”.
1686 1392 1871 1430 Deinde:
1908 1388 2098 1441 [Όμηρος

468 1465 594 1517 ῥητῶς
642 1466 709 1505 τὸν
758 1466 987 1517 ἀφανισμὸν
1034 1473 1101 1517 τῆς
1148 1468 1297 1513 πόλεως
1340 1467 1523 1517 εἴρηκεν”
1558 1468 1604 1512 (Ζ
1637 1467 1723 1506 448
1757 1470 1850 1514 δᾳ).
1883 1466 2096 1514 Denique:

471 1537 723 1589 »Ἑλλάνικος
767 1542 1023 1592 χαριζόμενος
1066 1545 1146 1588 τοῖς
1175 1538 1372 1591 Ἰλιεῦσιν,
1403 1536 1485 1587 οἷος
1518 1540 1672 1579 ἐκείνου
1705 1545 1860 1591 μῦθος,
1889 1544 2104 1593 συνηγορεῖ

468 1623 517 1669 τῷ
555 1615 626 1665 τὴν
660 1616 786 1665 αὐτὴν
819 1613 921 1655 εἶναι
952 1618 1070 1655 πόλιν
1102 1616 1173 1667 τὴν
1207 1623 1282 1655 νῦν
1315 1623 1360 1671 τῇ
1393 1616 1521 1655 τότε”.

525 1692 706 1731 Ilienses
722 1693 858 1740 igitur
876 1704 1011 1741 aeque
1029 1704 1078 1732 ac
1096 1677 1351 1732 Hellanicus
1368 1694 1642 1742 perhibuisse
1668 1693 1885 1740 videntur,
1915 1692 2103 1731 Graecos

463 1768 618 1806 statim
669 1770 768 1816 post
811 1769 962 1807 urbem
1006 1769 1196 1808 deletam
1239 1769 1385 1808 locum
1426 1779 1682 1817 occupasse.
1714 1768 1966 1807 Demetrius
1999 1778 2102 1806 vero

465 1843 665 1891 Scepsius
703 1845 746 1881 et
787 1843 996 1882 Hestiaea
1038 1844 1220 1882 oriunda
1262 1855 1316 1883 ex
1358 1845 1512 1892 oppido
1549 1844 1817 1882 Alexandria
1848 1843 2016 1882 Troade
2047 1843 2100 1881 iis

463 1918 750 1965 obloquuntur
795 1918 1065 1957 affirmantes
1108 1919 1295 1957 Graecos
1336 1929 1421 1957 non
1462 1921 1563 1957 ante
1604 1919 1794 1957 aetatem
1838 1918 2020 1966 Lydiam
2052 1918 2096 1956 in

461 1993 553 2031 loco
597 1993 716 2031 urbis
759 1994 1015 2032 devastatae
1058 1994 1322 2032 consedisse.
1366 1994 1522 2032 Strabo
1565 2003 1662 2032 cum
1706 1993 1928 2032 Demetrio
1969 1993 2097 2040 facit;

461 2079 594 2116 supra
631 2071 799 2117 autem,
844 2079 943 2107 cum
987 2069 1036 2107 de
1069 2069 1367 2116 Lycophronis
1399 2068 1581 2107 scholiis
1612 2068 1869 2117 agebamus,
1905 2068 2098 2107 vidimus

461 2143 689 2182 Timaeum
733 2154 920 2192 quoque,
965 2145 1076 2191 quod
1118 2145 1170 2182 ad
1214 2145 1387 2182 initium
1420 2143 1623 2182 sacrificii
1655 2144 1882 2182 Locrensis
1916 2144 2092 2192 attinet,

461 2219 604 2258 facere
637 2229 734 2257 cum
769 2219 1016 2258 Iliensibus.

521 2294 741 2333 Bruckner
768 2293 910 2341 (Troja
936 2294 1023 2332 und
1051 2294 1161 2332 Ilion
1189 2295 1230 2332 II
1258 2295 1495 2332 Abschnitt
1511 2294 1587 2339 IX)
1609 2294 1781 2333 monuit
1796 2294 2096 2343 Lycophronis

461 2369 591 2407 verba
623 2379 789 2407 necnon
822 2369 1087 2408 scholiastae
1120 2369 1196 2407 illa
1238 2371 1491 2417 comparata
1533 2380 1632 2408 cum
1674 2370 1949 2418 Iliupersidis
1984 2369 2092 2417 frag-

463 2444 623 2483 mentis
666 2445 825 2482 miram
867 2445 1097 2483 ostendere
1140 2445 1484 2493 congruentiam.
1527 2445 1669 2483 Verba
1705 2446 1821 2483 enim
1855 2445 2010 2484 scholii
2042 2445 2094 2483 ad

463 2529 524 2557 VS.
574 2520 683 2557 1157
720 2521 824 2557 sunt
864 2520 990 2558 haec:
1039 2522 1196 2569 „Tpcbfg-
1244 2521 1432 2566 λίθους
1467 2519 1676 2570 ἔχοντες
1710 2519 1774 2557 καὶ
1808 2519 1904 2570 ξίφη
1937 2518 2091 2574 ἐπεξῄε-

460 2605 534 2630 σαν
593 2593 742 2639 αὐταῖς·
802 2593 867 2631 διὰ
927 2600 1042 2633 τοῦτο
1100 2589 1174 2633 οὖν
1212 2594 1409 2634 ἔσπευδον
1450 2596 1582 2642 λάθρα
1624 2593 1690 2633 καὶ
1732 2596 1886 2645 νύκτωρ
1928 2594 2092 2645 εἰσέρχε-

460 2673 576 2717 σθαι,
622 2669 820 2706 εἰσιοῦσαι
860 2667 901 2707 ὸὲ
943 2668 1263 2716 ἐκαθέζοντο
1307 2669 1534 2716 ἱκέτιδες
1577 2669 1657 2708 ἐπὶ
1697 2675 1782 2708 τοῦ
1825 2669 1970 2720 ἱεροῦ
2002 2675 2090 2719 τῆς

461 2744 714 2793 Άθἠνᾶς”.

519 2820 568 2857 In
598 2819 867 2867 Iliupersidis
906 2823 1113 2869 excerpto
1147 2821 1330 2868 legitur:
1377 2820 1678 2869 „Kaoooivdpav
1712 2818 1754 2858 δὲ
1786 2820 1887 2867 Αἴας
1921 2817 2090 2867 ὁἸλέως

457 2893 555 2942 πρὸς
589 2894 681 2944 βίαν
713 2892 909 2931 ἀποσπῶν
942 2895 1225 2943 συνεφέλκεται
1258 2895 1299 2933 τὸ
1333 2901 1399 2945 τῆς
1428 2898 1600 2945 Ἀθηνᾶς
1634 2895 1794 2941 ξόανον·
1819 2892 1877 2944 ἐφ’
1909 2892 1938 2949 ᾧ
1965 2910 2087 2946 παρο-

459 2966 671 3014 ξυνθέντες
715 2969 757 3006 οἱ
782 2966 976 3018 ”Έλληνες
1020 2974 1346 3008 καταλεῦσαι
1387 2970 1648 3020 βουλεύονται
1679 2969 1748 3008 τὸν
1781 2970 1953 3019 Αἴαντα,
1986 2968 2006 3008 ὅ
2039 2968 2089 3008 δὲ

459 3041 544 3080 ἐπὶ
572 3042 660 3080 τὸν
686 3048 774 3093 τῆς
798 3046 1013 3093 Ἀθηνᾶς
1041 3045 1216 3095 βῶμον
1243 3045 1615 3096 καταφεύγει”.
1645 3045 2085 3095 (Cf.PaUS.X‚26,3).
