2200 3487
493 367 546 402 33
1169 368 1221 394 DE
1254 365 1398 393 MAOE.

492 487 660 526 sedenti
702 486 813 524 scire
855 484 1028 531 quidem
1070 481 1274 529 poterant
1315 478 1501 516 Ilienses
1536 488 1590 516 ex
1622 477 1775 526 Iliade,
1809 478 2004 514 attamen
2036 476 2117 515 hoc

491 562 619 601 modo
666 561 798 599 tacite
846 556 1156 607 praetermisso
1204 554 1257 592 ad
1305 553 1661 600 antiquissimum
1708 553 1843 591 ritum
1884 551 2117 590 redierunt.

491 637 616 676 Unde
662 636 821 673 iterum
869 633 1048 681 apparet
1088 630 1273 668 Ilienses
1312 638 1467 667 versus
1508 627 1606 666 libri
1648 629 1680 664 Z
1711 627 1998 676 interpolatos
2029 636 2115 666 non

492 711 753 760 respexisse.

552 786 634 824 Sed
667 785 718 823 ad
750 783 1021 832 propositum
1054 782 1258 819 nostrum
1290 780 1535 818 redeamus.
1569 779 1727 817 Odium
1758 778 1973 828 divinum,
2007 778 2119 826 quod

492 864 536 901 in
577 862 796 909 Odysseae
838 857 1036 906 partibus
1069 855 1391 903 antiquioribus
1422 854 1609 903 perdidit
1640 854 1838 893 Achaeos
1869 854 2119 903 redeuntes,

492 937 608 976 lovis
636 944 801 983 quoque
830 935 923 972 erat
951 933 1114 970 odium.
1144 931 1303 969 Fusius
1332 931 1413 969 hoc
1440 930 1761 969 demonstravit
1785 939 1983 977 novoque
1999 940 2120 977 argu-

492 1013 640 1050 mento
683 1019 896 1058 exponere
940 1008 1123 1046 conatus
1155 1008 1225 1045 est
1257 1006 1516 1055 Cypriorum
1549 1005 1797 1044 carminum
1829 1006 1969 1054 poeta.
2002 1005 2120 1054 Legi-

491 1096 590 1125 mus
648 1086 762 1123 enim
809 1086 853 1122 in
902 1082 1160 1131 Cypriorum
1207 1082 1454 1130 fragmento
1502 1081 1665 1130 primo:
1715 1078 1827 1127 [Διὸς
1874 1076 1910 1118 δ’
1940 1078 2118 1120 ἐτελείετο

490 1160 647 1212 βουλή]·
690 1157 787 1208 φασὶ
820 1157 892 1210 γὰρ
925 1156 995 1207 τὴν
1028 1162 1104 1208 γῆν
1136 1154 1420 1208 βαρυνομένην
1452 1154 1521 1194 ὑπ’
1555 1153 1787 1207 ἀνθρώπων
1818 1155 2121 1206 πολυπληθίας,

491 1236 749 1287 μηδεμιᾶς
806 1233 1109 1284 ἀνθρώπων
1157 1231 1317 1283 οὔσης
1367 1231 1670 1283 εὐσεβείας,
1716 1231 1875 1282 αἰτῆσαι
1922 1230 1990 1270 τὸν
2037 1231 2116 1270 Δία

494 1314 774 1360 κουφισθῆναι
806 1315 874 1348 τοῦ
907 1307 1072 1360 ἄχθους.

549 1387 670 1425 Idem
702 1387 771 1424 hic
802 1386 980 1424 affertur
1012 1385 1325 1433 argumentum
1359 1386 1489 1431 atque
1522 1384 1792 1433 repperimus
1822 1384 1866 1421 in
1895 1383 2117 1422 versibus:

1080 1459 1180 1506 Ζεὺς
1212 1458 1360 1511 λυγρὸν
1393 1458 1453 1498 ἐνὶ
1488 1457 1604 1511 φρεσὶ
1629 1455 1794 1509 ’μήδετο
1827 1457 1971 1497 νόστον

724 1532 940 1588 Άργεῖοισ’,
972 1534 1082 1574 ἐπεὶ
1114 1533 1172 1574 οὔ
1204 1550 1249 1574 τι
1281 1535 1544 1586 νοήμονες
1577 1531 1700 1574 οὐδὲ
1732 1533 1937 1573 δίκαιοι

722 1611 912 1658 πάντες
945 1610 1085 1662 ἔσαν,

488 1699 643 1738 nempe
671 1689 901 1727 hominum
928 1685 1113 1738 ἀσέβειαν
1141 1698 1319 1727 causam
1347 1688 1484 1726 fuisse
1509 1688 1602 1726 tam
1630 1687 1749 1725 Iovis
1767 1686 1851 1724 odii
1868 1686 1913 1725 in
1931 1686 2122 1725 Homero

489 1775 620 1812 quam
666 1764 783 1803 Iovis
831 1763 1003 1802 consilii
1049 1764 1093 1801 in
1136 1762 1306 1812 Cypriis
1350 1762 1602 1802 hominibus
1642 1762 1887 1811 perniciosi.
1931 1761 2123 1800 Observa

489 1842 670 1887 utroque
701 1840 796 1878 loco
828 1841 922 1878 tam
953 1839 997 1877 in
1030 1839 1181 1878 Iliadis
1213 1839 1341 1878 initio
1373 1849 1503 1886 quam
1536 1839 1580 1877 in
1606 1839 1855 1877 narratione
1882 1838 1932 1877 de
1958 1838 2119 1877 Achae·

485 1926 610 1954 orum
642 1915 783 1953 reditu
814 1914 983 1964 Iovem,
1018 1916 1067 1953 ut
1103 1915 1303 1963 perderet
1347 1914 1552 1963 Graecos,
1596 1914 1708 1953 inter
1749 1914 1882 1952 duces
1924 1913 2119 1952 movisse

488 1990 764 2029 discordiam.

546 2066 616 2103 Ira
656 2065 729 2103 illa
772 2065 889 2104 Iovis
932 2065 1164 2104 hominum
1207 2065 1259 2104 ob
1301 2065 1576 2114 impietatem
1607 2067 1729 2105 mota
1760 2067 1948 2115 posteris
1978 2067 2120 2115 poetis

489 2141 621 2189 epicis
653 2142 963 2188 argumentum
996 2141 1170 2179 videtur
1201 2141 1338 2180 fuisse
1370 2151 1582 2190 perquam
1615 2143 1827 2182 amatum.
1855 2142 1964 2180 Fata
1988 2142 2121 2190 igitur

489 2216 670 2253 heroum
715 2225 769 2253 ex
809 2215 915 2253 Asia
957 2216 1233 2254 redeuntium
1279 2227 1377 2255 cum
1421 2216 1689 2255 carminibus
1731 2217 1939 2256 celebrari
1971 2218 2122 2266 coepta

491 2292 640 2328 essent
697 2292 740 2329 et
796 2290 941 2339 poetis
989 2291 1261 2330 narrandum
1312 2293 1450 2341 esset,
1502 2292 1573 2331 ubi
1619 2293 1801 2331 tandem
1848 2293 2002 2341 ingens
2048 2293 2122 2332 ille

488 2375 697 2403 numerus
753 2366 1013 2414 populorum
1060 2367 1173 2405 circa
1220 2367 1393 2406 Troiam
1440 2368 1730 2416 pugnantium
1777 2369 2017 2407 mansisset
2063 2390 2116 2397 --

488 2450 589 2478 nam
618 2441 660 2478 in
689 2441 913 2479 Graeciam
940 2443 1177 2481 revertisse
1205 2453 1280 2482 eos
1308 2443 1499 2491 negabat
1525 2443 1711 2482 historia
1741 2465 1816 2493 -—,
1847 2445 1950 2482 tunc
1966 2444 2117 2492 poetae

489 2515 541 2553 ad
584 2518 894 2563 argumentum
937 2518 1112 2566 saepius
1150 2518 1385 2567 probatum
1419 2519 1709 2568 confugerunt
1740 2519 1941 2567 Iovisque
1973 2519 2119 2558 odium

489 2600 542 2627 ex
590 2590 817 2638 impietate
868 2593 1123 2632 mortalium
1172 2595 1328 2633 natum
1375 2605 1451 2643 pro
1499 2595 1697 2633 omnium
1743 2594 1946 2633 interitus
1988 2604 2120 2634 causa

487 2665 741 2703 attulerunt.
775 2666 921 2713 Neque
948 2669 1078 2707 huius
1107 2670 1350 2718 impietatis
1377 2670 1640 2709 documenta
1671 2670 1803 2708 nimis
1833 2669 1962 2718 longe
1993 2672 2119 2709 erant

489 2740 694 2787 petenda:
728 2741 827 2787 quid
861 2743 977 2781 enim
1007 2745 1149 2792 magis
1176 2746 1219 2784 in
1247 2747 1471 2795 promptu,
1499 2756 1630 2793 quam
1658 2745 1847 2784 victores
1873 2745 2003 2785 solita
2018 2748 2118 2794 post

485 2814 711 2853 victoriam
753 2820 1053 2864 recuperatam
1097 2821 1263 2859 incuria
1295 2821 1502 2860 instituta
1532 2820 1738 2869 religione
1770 2822 1943 2860 sacrata
1973 2821 2115 2870 negle-

487 2890 624 2938 xisse,
670 2900 814 2929 mores
858 2893 1074 2932 maiorum
1118 2906 1273 2943 parum
1307 2896 1581 2935 observasse.
1616 2897 1773 2935 Postea
1805 2906 1926 2946 vero,
1961 2907 2058 2935 cum
2093 2906 2115 2935 e

487 2966 659 3004 Perside
692 2966 838 3004 Aiacis
871 2969 1074 3016 stuprum
1109 2971 1149 3008 in
1185 2972 1381 3020 Odyssea
1413 2973 1611 3021 ignotum
1646 2972 1930 3021 innotuisset,
1964 2972 2114 3010 Miner-

488 3051 566 3081 vae
613 3042 759 3080 odium
807 3043 850 3082 in
897 3044 1093 3085 Achaeos
1139 3047 1391 3098 redeuntes,
1441 3048 1552 3096 quod
1597 3048 1723 3088 iuxta
1763 3047 1868 3090 illud
1911 3048 2030 3095 IOViS
2070 3048 2114 3089 in
