2200 3487
452 344 532 381 102
1143 359 1196 385 DE
1228 359 1372 386 AIACE.

445 476 480 505 z,
515 467 560 516 B,
595 467 708 506 Kind
740 470 828 507 und
860 469 971 508 Zeus
1006 472 1089 509 und
1118 471 1366 519 gestorben,
1396 470 1549 508 sodass
1576 480 1658 508 nur
1684 471 1804 508 seine
1822 470 2070 517 Zeugungs-

445 541 560 580 kraft
607 543 667 580 im
713 543 906 591 Phallos,
949 545 1027 583 das
1074 546 1132 583 ist
1173 556 1218 583 er
1259 545 1397 583 selbst
1438 545 1504 588 (cf.
1547 544 1772 593 Dactylos‚
1807 544 2067 582 Mercurium

443 615 779 665 Ithyphallum)‚
815 618 912 656 dem
946 619 1092 657 Inhalt
1124 619 1198 657 der
1224 619 1499 666 mystischen
1527 608 1644 657 Ciste
1669 619 1794 668 (κίστη
1822 624 1898 656 τῶν
1926 618 2071 668 Καβεί-

445 693 540 739 ρων)
594 691 792 730 6111611611
848 692 1024 731 bleibt.'’
1082 693 1175 732 Non
1223 693 1368 732 solum
1411 693 1461 731 de
1503 694 1671 732 seniore
1713 696 1756 732 et
1803 694 1854 731 de
1904 693 2071 731 iuniore

446 764 597 803 Cabiro
653 765 891 813 loquuntur
947 769 1210 816 mythologi,
1253 769 1327 806 sed
1370 768 1506 806 etiam
1550 768 1600 806 (16
1640 768 1849 807 fratribus
1891 768 2069 807 Cabiris.

444 839 536 878 Duo
592 839 774 878 iuvenes
838 841 983 880 Onnes
1041 845 1083 880 et
1130 842 1280 880 Tottes
1329 843 1486 880 cistam
1535 842 1788 881 Cabirorum
1832 844 2068 881 Assessum

444 916 621 962 portant
663 915 810 959 (Nicol.
844 915 1045 954 Damaso.
1079 917 1128 954 fr.
1164 919 1246 960 54)=
1280 917 1395 954 Duos
1427 916 1588 954 fratres
1621 917 1690 955 hic
1722 927 1890 964 quoque
1927 927 2070 965 reppe-

445 989 583 1027 rimus
639 989 889 1028 Dardanum
947 993 991 1028 et
1047 991 1278 1029 Iasionem.
1336 991 1584 1029 Conicimus
1641 991 1774 1038 igitur
1819 991 2070 1030 Dardanum

445 1063 496 1101 ob
543 1064 669 1102 initio
717 1063 921 1102 Cabirum
961 1066 1178 1112 quendam
1221 1066 1369 1112 quales
1413 1068 1538 1103 erant
1583 1066 1754 1104 Lemnii
1795 1066 1953 1113 fuisse3
1994 1066 2074 1104 1166

444 1139 571 1177 modo
604 1141 733 1186 atque
768 1140 878 1178 116116
910 1141 961 1178 ob
994 1150 1170 1178 causam
1205 1142 1318 1179 inter
1351 1141 1452 1179 deos
1486 1140 1812 1179 samothracios
1845 1151 1944 1179 eum
1978 1151 2073 1180 esse

446 1216 692 1262 exceptum.

502 1289 602 1336 Sed,
638 1290 684 1327 ut
714 1289 833 1328 Attis
864 1290 908 1327 in
936 1291 1172 1328 stemmate
1198 1301 1352 1338 regum
1379 1291 1600 1339 Lydorum
1627 1292 1863 1339 invenitur,
1892 1291 1955 1329 616
1971 1291 2071 1329 Dar-

444 1365 584 1402 danus
631 1375 759 1402 suum
808 1364 891 1402 sibi
937 1365 1082 1403 locum
1131 1366 1298 1414 accepit
1340 1366 1384 1404 in
1425 1376 1578 1413 regum
1620 1366 1903 1404 Troianorum
1947 1367 2071 1405 serie.

445 1440 572 1487 Origo
606 1442 754 1478 autem
787 1440 880 1478 eius
912 1440 1020 1478 latet
1053 1441 1095 1478 in
1129 1441 1337 1488 religione
1371 1441 1682 1488 antiquissima
1708 1441 1914 1489 Lelegum
1944 1444 2074 1488 atque

444 1514 747 1563 Pelasgorum,
799 1515 870 1561 qui
916 1515 1078 1563 populi,
1131 1515 1244 1553 sicut
1289 1525 1465 1553 summa
1507 1516 1749 1563 sagacitate
1793 1516 2075 1562 doctrinaque

443 1589 615 1636 copiosa
661 1589 806 1627 docuit
852 1589 977 1638 Fick,
1027 1600 1048 1627 e
1091 1590 1344 1637 regionibus
1385 1590 1805 1637 septentrionalibus
1847 1590 2068 1629 Graeciam

442 1664 703 1701 invaserunt
743 1673 904 1712 perque
944 1664 1114 1702 insulas
1156 1664 1366 1703 Minorem
1409 1665 1452 1703 in
1493 1665 1647 1703 Asiam
1686 1666 2075 1713 transmigrarunt.

448 1738 552 1787 „Die
594 1738 794 1786 Religion
837 1739 911 1777 der
942 1739 1148 1787 Pelasger
1180 1740 1238 1778 ist
1270 1740 1644 1787 gekennzeichnet
1675 1740 1811 1779 durch
1845 1741 1941 1779 eine
1974 1740 2077 1788 grob

444 1813 658 1852 sinnliche
700 1813 957 1862 Verehrung
995 1815 1069 1853 der
1111 1815 1358 1863 Zeugungs-
1402 1815 1488 1853 und
1532 1815 1789 1854 Gebarkraft
1821 1816 1895 1854 der
1926 1815 2078 1865 Natur‚

443 1888 524 1926 wie
566 1889 631 1926 sie
673 1889 767 1926 sich
800 1889 861 1927 im
893 1889 1241 1928 Phallosdienste
1274 1892 1392 1928 samt
1423 1889 1591 1929 seinem
1624 1890 1881 1929 weiblichen
1915 1890 2076 1938 Gegen-

444 1964 596 2002 stucke
642 1964 904 2012 ausspricht.
952 1964 1028 2003 Die
1076 1964 1333 2013 Verehrung
1379 1965 1455 2003 des
1494 1965 1786 2004 Phallosidols
1826 1967 1980 2013 grenzt
2021 1975 2076 2003 an

444 2039 592 2077 reinen
640 2039 982 2087 Fetischdienst,
1027 2039 1093 2078 die
1135 2039 1340 2087 Pelasger
1381 2050 1528 2078 waren
1573 2050 1637 2089 es,
1671 2041 1738 2078 die
1771 2041 1919 2079 diesen
1953 2050 2076 2078 uner-

442 2114 682 2152 sreulichen
715 2114 805 2161 Zug
837 2115 881 2152 in
914 2114 981 2153 die
1013 2115 1283 2162 griechische
1311 2115 1685 2163 Religionsubung
1716 2116 2075 2163 hincingetragen

445 2189 597 2227 haben.
641 2188 743 2227 Dies
786 2189 860 2227 hat
902 2190 1038 2228 schon
1083 2190 1276 2228 Herodot
1313 2190 1370 2240 (Π
1403 2192 1474 2240 51)
1516 2190 1611 2229 klar
1643 2191 1873 2230 erkannt.”
1907 2190 2072 2238 (Vorgr.

448 2263 592 2302 Ortsn.
625 2274 665 2311 p.
703 2265 812 2307 145).

504 2337 565 2376 De
598 2338 690 2377 deis
721 2339 982 2387 ithyphallis
1015 2341 1229 2387 quomodo
1261 2341 1375 2379 inter
1407 2351 1454 2379 se
1481 2341 1570 2379 sint
1596 2341 1836 2390 coniuncti,
1865 2341 2078 2388 quibusve

446 2413 578 2450 variis
621 2415 870 2452 nominibus
912 2415 1099 2453 diversis
1141 2416 1183 2452 in
1228 2415 1430 2454 Graeciae
1474 2415 1725 2463 regionibus
1766 2416 2076 2462 indicarentur,

446 2489 662 2534 quomodo
695 2490 747 2527 ad
781 2500 915 2528 unum
944 2501 1100 2529 omnes
1127 2490 1246 2529 cultu
1272 2493 1402 2537 atque
1429 2491 1636 2539 religione
1664 2501 1763 2529 cum
1792 2491 1923 2529 Terra
1939 2490 2076 2529 Matre

445 2565 563 2600 arcte
606 2567 754 2603 essent
795 2565 948 2604 conexi
985 2566 1211 2614 ingeniose
1253 2567 1434 2613 egerunt
1476 2566 1628 2604 Kaibel
1665 2567 1707 2604 et
1747 2566 1885 2604 Prott.
1923 2565 2077 2604 Lemni

445 2648 480 2675 6.
514 2649 553 2685 g.
593 2637 808 2677 Vulcanus
841 2639 1095 2679 Cabirorum
1127 2642 1171 2679 in
1199 2641 1368 2679 cultum
1397 2643 1601 2689 acceptus
1627 2643 1739 2689 erat,
1767 2651 1850 2687 quo
1879 2641 1930 2678 de
1959 2650 2076 2679 nexu

446 2713 587 2751 multa
619 2715 809 2762 optimae
840 2715 978 2764 frugis
1005 2716 1179 2764 collegit
1204 2716 1422 2755 Fredrich.
1451 2716 1532 2754 Sed
1559 2726 1644 2754 non
1671 2715 1914 2753 omittenda
1934 2715 2078 2753 fuerat

448 2790 696 2828 observatio
744 2790 906 2829 Photii:
955 2791 1187 2843 „Kcissapov
1233 2792 1416 2841 δαίμονες
1462 2790 1503 2829 ἐκ
1550 2790 1734 2840 Λήμνου·
1783 2788 1856 2827 εἰσὶ
1900 2788 1948 2839 δὴ
1990 2788 2078 2840 ἢτοι

437 2864 655 2914 ’Ήφαιστοι
687 2864 712 2916 ἢ
749 2868 950 2912 Τιτᾶνες.”
985 2867 1108 2906 Unde
1141 2868 1351 2906 discimus
1383 2867 1496 2905 inter
1525 2865 1616 2912 τοὺς
1641 2862 1889 2914 (Ηφαίστους
1915 2867 1959 2903 et
1984 2863 2078 2910 τοὺς

453 2945 620 2988 Τιτᾶνας
648 2945 813 2981 certam
841 2943 1143 2982 intercessisse
1172 2943 1520 2991 congruentiam.
1549 2941 1580 2979 E
1608 2940 1752 2979 verbis
1779 2949 1881 2978 vero
1899 2938 2078 2977 Luciani

451 3020 517 3066 (de
551 3020 675 3059 Saltu
709 3021 782 3069 21,
819 3020 887 3064 79)
922 3019 1131 3068 „Priapus
1163 3025 1240 3056 τῶν
1277 3018 1454 3055 Τιτάνων
1487 3011 1539 3062 εἷς
1572 3014 1597 3066 ἢ
1632 3021 1706 3053 τῶν
1733 3012 1891 3053 Ἰδαίων
1924 3013 2079 3051 Δακτύ-
