2200 3487
471 345 488 379 l
497 343 550 380 58
1131 350 1183 377 DE
1217 350 1412 378 CARNEIS.

524 465 745 503 Vocabula
772 465 887 502 enim
917 463 1121 512 ἵερομήνια
1146 461 1169 507 ¹)
1199 469 1394 512 Δωριεῦσι
1420 474 1504 502 non
1533 467 1734 512 possunt,
1763 464 1861 510 quin
1881 463 2085 502 lectorem

464 551 551 579 non
599 541 812 578 monitum
862 540 904 576 in
947 548 1135 577 errorem
1180 539 1399 577 inducant.
1443 538 1597 577 Credet
1636 540 1769 586 enim,
1806 541 1933 585 atque
1966 539 2005 576 id
2039 549 2088 577 eo

465 617 607 664 magis
647 625 745 654 cum
779 614 1074 661 Thucydidem
1110 613 1268 651 habeat
1299 619 1520 651 auctorem
1555 617 1598 651 et
1629 616 1807 664 testem,
1840 613 2006 652 Carnea
2037 613 2089 652 ab

466 693 630 740 origine
672 691 808 729 fuisse
841 687 980 738 ἑορτήν
1014 685 1298 727 Doriensz'um.
1335 688 1423 736 Quo
1455 688 1513 726 nil
1547 688 1721 736 longius
1753 700 1777 727 a
1810 699 1911 727 vero
1944 689 2086 737 abest,

465 767 586 806 cuius
633 767 693 804 rei
742 764 921 803 afferam
964 763 1277 801 documentum
1319 763 1542 810 hucusque
1583 764 1774 802 nondum
1808 764 1919 810 quod
1951 765 2087 803 sciam

464 842 601 890 pretio
633 841 917 878 aestimatum
951 848 1043 876 suo.

525 917 644 955 Inter
691 915 809 953 mala
857 915 993 962 enim,
1043 914 1198 961 quibus
1245 913 1508 961 Clisthenes,
1560 912 1578 951 ὁ
1620 915 1858 952 Σικυωνίων
1904 914 2090 970 λευστής·

465 992 644 1031 vexavit
675 991 909 1029 Dorienses
942 990 1134 1039 nobileS,
1178 991 1436 1038 primarium
1470 990 1611 1028 locum
1640 989 1807 1028 obtinet
1839 990 1938 1039 hoc,
1977 972 2090 1038 quod

464 1077 615 1116 regum
647 1066 897 1113 Sicyonicae
925 1066 1209 1113 pristinorum
1239 1065 1537 1104 recensionem
1568 1065 1718 1103 habuit
1743 1065 2088 1105 severissimam.

466 1143 713 1181 Stemmata
756 1141 912 1179 horum
956 1151 1106 1189 regum
1147 1151 1169 1178 e
1201 1141 1336 1179 variis
1376 1140 1549 1179 fabellis
1592 1141 1806 1188 Sicyoniis
1848 1141 2091 1189 composita

463 1216 897 1256 circumferebantur.
927 1215 1177 1254 Clisthenes
1205 1219 1351 1254 autem
1382 1227 1436 1254 ex
1465 1217 1546 1254 hac
1572 1217 1683 1254 serie
1702 1216 1949 1254 eliminavit
1965 1226 2090 1264 reges

464 1294 654 1341 septem,
690 1291 963 1338 Heraclidas,
1001 1302 1183 1338 quorum
1217 1291 1470 1329 nominibus
1502 1292 1601 1329 freti
1635 1291 1867 1329 Dorienses
1895 1291 2087 1339 perhibe-

463 1368 568 1406 bant
599 1378 644 1405 se
673 1377 757 1405 non
785 1366 1015 1414 illegitime
1044 1367 1270 1414 Sicyoniae
1298 1376 1478 1413 regnum
1509 1367 1732 1415 affectare,
1761 1367 1897 1404 immo
1923 1368 2089 1405 terram

463 1452 641 1491 poscere
673 1452 815 1490 suam,
850 1441 1198 1489 quandoquidem
1233 1442 1319 1479 iam
1354 1442 1452 1479 ante
1485 1441 1761 1480 Doriensium
1790 1442 1832 1480 in
1861 1442 2087 1490 paeninsu-

462 1518 550 1556 lam
598 1517 790 1555 reditum
832 1516 1065 1555 Dorienses
1109 1516 1359 1564 Sicyoniam
1406 1517 1629 1564 regionem
1663 1517 1884 1555 habitasse
1916 1517 2090 1556 doceret

463 1593 661 1631 historia.
706 1593 754 1630 In
796 1594 967 1640 septem
1011 1592 1165 1629 horum
1199 1592 1341 1629 locum
1378 1591 1622 1630 Clisthenes
1657 1614 1708 1618 —
1738 1602 1839 1630 nam
1875 1595 2090 1640 tyrannus

463 1678 595 1715 supra
636 1668 868 1705 historiam
911 1689 966 1693 —
1008 1667 1195 1705 inseruit
1238 1666 1386 1705 Carmei
1418 1668 1643 1706 sacerdotes
1675 1669 1869 1715 septem,
1905 1678 2088 1715 quorum

463 1744 631 1791 primus
678 1745 771 1781 erat
815 1742 1055 1781 Archelaus
1098 1741 1336 1781 Clisthenis
1380 1743 1518 1790 ipsius
1566 1740 1726 1790 phylae
1771 1753 2016 1791 eponymus
2046 1740 2087 1788 ²).

462 1819 697 1857 Faciamus
730 1828 845 1856 nunc
877 1816 1045 1856 Carnea
1077 1817 1213 1856 fuisse
1245 1817 1521 1856 Doriensium
1557 1819 1774 1866 propriam
1808 1817 1959 1866 ἑορτήν.
1992 1819 2093 1866 quid

460 1897 565 1932 tunc
613 1893 879 1941 Clisthenes,
929 1893 1000 1940 qui
1042 1892 1274 1932 Dorienses
1316 1894 1559 1940 antiquitus
1607 1894 1790 1940 Sicyone
1838 1894 2090 1932 consedisse

462 1969 766 2016 quoquomodo
800 1979 960 2016 negare
996 1969 1143 2015 vellet,
1179 1969 1251 2016 qui
1284 1969 1395 2007 hanc
1424 1969 1476 2007 ob
1504 1979 1596 2007 rem
1626 1971 1867 2007 stemmata
1893 1969 2091 2017 legitima

458 2054 754 2092 corrumpere,
802 2044 977 2091 vitiare,
1024 2044 1270 2082 adulterare
1313 2044 1425 2082 infra
1467 2054 1514 2082 se
1548 2054 1632 2082 non
1667 2044 1864 2092 haberet,
1899 2045 2089 2093 ineptius

457 2119 598 2158 facere
631 2119 847 2167 potuisset
873 2129 1004 2167 quam
1038 2129 1112 2166 pro
1149 2119 1414 2158 Dor-lensium
1447 2119 1623 2167 regibus
1655 2120 1921 2159 substituere
1949 2130 2089 2159 sacer·

461 2197 585 2235 dotes
618 2195 763 2233 cultus
795 2196 951 2233 dorici?
984 2195 1086 2243 quid
1121 2195 1264 2243 magis
1296 2195 1527 2233 ridiculum
1556 2205 1687 2242 quam
1716 2195 1984 2244 Clisthenes,
2018 2197 2092 2243 qui

461 2271 693 2310 Dorienses
727 2270 796 2309 vel
830 2268 963 2319 ὠμοὺς
997 2273 1140 2321 φαγεῖν
1173 2271 1326 2319 vellet,
1361 2281 1408 2309 se
1441 2271 1585 2318 ipsum
1618 2281 1715 2309 esse
1748 2281 1770 2309 e
1802 2271 1935 2310 nobili
1963 2273 2092 2319 gente

462 2347 607 2385 dorica
652 2346 798 2394 palam
847 2347 1109 2385 enuntians?
1157 2347 1317 2394 Immo,
1378 2347 1450 2394 qui
1496 2347 1749 2385 recordatur
1795 2347 2090 2395 Melanippum

464 2423 642 2461 heroem
686 2432 710 2460 a
753 2421 977 2461 Clisthene
1010 2432 1032 2460 e
1065 2422 1231 2460 Boeotia
1273 2423 1315 2460 in
1355 2423 1604 2470 Sicyoniam
1638 2433 1734 2461 esse
1766 2423 2090 2470 introductum,

511 2624 532 2663 ¹)
557 2629 716 2666 ἱερομηνία
741 2626 848 2661 Stahl,
872 2626 1134 2663 HerwerdenuS,
1159 2627 1219 2656 Sed
1240 2626 1354 2656 Photii
1373 2627 1477 2657 verba
1501 2630 1711 2668 Θεσμοφόρια·
1732 2628 1829 2664 ὄνομα
1847 2630 1958 2667 ἑορτῆς.
1975 2628 2094 2664 Θεσμο-

463 2691 565 2728 φορια·
597 2687 707 2724 δεκάτη
741 2688 801 2719 (se.
833 2685 953 2727 ἡμέρα),
976 2690 1117 2717 monent
1141 2690 1180 2716 ut
1203 2688 1258 2717 hie
1282 2697 1421 2725 quoque
1448 2689 1642 2718 scribamus
1666 2691 1833 2729 ἱερομήνια,
1856 2697 1934 2718 cum
1959 2688 2002 2718 de
2028 2690 2092 2718 toto

457 2745 547 2786 festo
577 2756 690 2776 sermo
722 2747 794 2785 fiat,
816 2755 882 2776 non
907 2747 948 2776 de
975 2756 1042 2776 uno
1067 2747 1122 2776 die
1146 2750 1184 2777 ut
1209 2748 1315 2777 Thuc.
1342 2749 1394 2778 III
1419 2750 1472 2784 56,
1498 2750 1527 2778 2.
1549 2748 1598 2778 Cf.
1625 2748 1771 2786 Hesych.
1797 2751 1963 2789 ἱερομηνία·
1987 2751 2092 2789 ἑορτά-

464 2819 553 2845 σιμος
586 2808 691 2848 ἡμέρα.
724 2808 903 2845 (Harpocr.
932 2808 952 2836 i.
979 2817 1021 2848 v.‚
1053 2808 1150 2838 Pind.
1175 2809 1271 2838 Nem.
1292 2809 1326 2838 ΙΙ
1352 2812 1381 2848 1,
1411 2810 1444 2839 2:
1470 2812 1627 2849 ἱερομηνίᾳ
1654 2810 1812 2846 Νεμεάδι).
1836 2808 1965 2838 Eodem
1991 2809 2093 2839 modo

463 2869 721 2906 distinguantur
748 2870 883 2908 Κάρνεια
907 2871 941 2897 et
967 2871 1113 2908 Ιίαριέῖαι
1140 2868 1288 2909 (ἡμέραι).

509 2926 535 2966 2)
561 2929 616 2959 Sic
652 2937 729 2958 cum
764 2928 887 2958 Busolt
921 2929 977 2958 Gr.
1015 2929 1054 2958 G.
1085 2929 1100 2958 I
1135 2927 1224 2959 665⁴.
1257 2928 1305 2959 Cf.
1332 2930 1464 2960 Wilam.
1489 2931 1605 2960 Herm.
1631 2930 1804 2959 XXXVIII
1828 2939 1860 2968 p.
1886 2931 1950 2960 580
1976 2932 2092 2959 annot.

464 2989 602 3019 Nilsson
623 2998 679 3027 op.
705 2989 798 3018 laud.
824 2998 856 3027 p.
883 2990 945 3018 119
972 2993 1088 3019 annot.
1114 2991 1223 3020 Hei-w.
1251 2991 1406 3029 Append.
1432 2991 1515 3020 Lex.
1538 2991 1659 3028 Suppl.
1685 3000 1710 3019 s.
1737 2999 1766 3019 v.
1794 2992 1929 3030 Κάρνεα.
1953 2989 2090 3020 Nilsson

465 3060 603 3089 quoque
626 3051 785 3081 coneedit
810 3052 937 3081 festum
962 3060 1028 3081 non
1055 3052 1163 3081 fuisse
1189 3052 1345 3082 doricum
1371 3052 1412 3081 ab
1438 3050 1581 3089 origine.
