2141 3487
647 318 700 345 DE
731 317 1019 346 EUGAMMONis
1050 317 1308 345 TELEGONIA.
1710 311 1786 346 191

165 438 292 476 datos
333 447 430 476 sero
472 438 516 474 in
559 437 774 484 hymnum
819 445 915 474 esse
956 435 1103 475 illatos
1145 437 1214 475 vel
1247 439 1385 475 totam
1420 438 1572 484 hymni
1606 440 1792 485 partem,

163 525 273 562 quae
306 515 357 553 de
389 515 466 552 deo
501 514 678 562 pythico
720 515 838 562 agat,
882 512 1107 561 Cynaetho
1152 513 1379 558 (Κύναιθος
1415 515 1531 560 Χῖος,
1565 510 1607 559 ὃς
1639 513 1706 551 τὸν
1740 514 1792 559 εἰς

167 589 386 628 Ἀπόλλωνα
443 586 716 639 γεγραμμένον
776 589 902 635 ὕμνον
958 586 1106 639 λέγεται
1161 586 1422 638 πεποιηκέναι
1480 589 1620 628 SChOl.
1672 590 1790 628 Pind.

160 665 283 703 Nem.
326 666 385 716 II,
430 665 470 708 2)
513 674 610 703 esse
643 665 931 703 recentiorem
958 661 999 708 ¹).
1034 664 1113 702 Sed
1148 664 1365 702 Pindarus
1397 664 1636 702 secundum
1670 665 1788 703 scho-

158 740 266 779 lium
285 742 500 788 quoddam
520 741 759 780 recentiore
776 742 972 788 tempore
989 741 1218 778 inventum
1233 741 1403 778 tantam
1419 739 1644 778 audaciam
1660 741 1795 789 repe]-

158 815 223 854 lit.
258 816 442 864 Scripsit
470 817 585 855 enim
614 817 808 855 Rohdius
836 817 879 855 in
907 816 1134 863 Philologo
1161 815 1326 853 XXXV
1353 826 1391 863 p.
1425 816 1507 854 199
1537 816 1666 854 haec:
1699 817 1789 865 „Im

160 889 303 929 Codex
345 891 572 930 Palatinus
615 893 669 930 73
718 892 793 930 der
829 891 1159 930 vaticanischen
1192 890 1431 929 bibliothek
1459 890 1593 929 findet
1619 891 1710 930 sich
1740 902 1791 930 zu

158 965 343 1005 Lucians
370 966 478 1005 Dial.
508 967 629 1005 Mort.
657 967 718 1004 III
746 968 891 1005 zuerst
917 967 984 1005 ein
1014 966 1233 1014 Scholion,
1262 966 1454 1005 welches
1481 966 1563 1004 mit
1581 967 1722 1006 Schol.
1742 967 1788 1005 G.

157 1040 224 1079 bei
256 1042 381 1080 Reitz
414 1042 450 1090 1,
484 1052 523 1090 p.
557 1042 656 1090 338,
696 1043 744 1080 11
782 1042 1154 1081 ubereinstimmt.
1186 1041 1311 1080 Dann
1344 1042 1483 1080 heisst
1516 1052 1562 1080 es
1595 1041 1696 1081 aber
1728 1043 1786 1080 im

156 1117 383 1156 Palatinus
415 1117 590 1156 weiter:
624 1122 765 1155 τοῦτον
797 1115 870 1167 γὰρ
902 1116 970 1155 τὸν
1007 1116 1244 1164 Τροφώνιον
1276 1115 1340 1154 καὶ
1373 1115 1440 1154 τὸν
1473 1114 1594 1155 ἄλλον
1621 1118 1787 1166 (ecquid

156 1190 222 1229 καὶ
258 1191 326 1230 τὸν
360 1191 630 1243 Ἀγαμήδηνῗ)
663 1190 857 1242 μέμνηται
891 1191 1096 1240 Πίνδαρος
1129 1190 1170 1229 ἐν
1203 1198 1249 1244 τῇ
1282 1191 1366 1246 ᾠδῇ
1399 1197 1476 1229 τῶν
1503 1188 1788 1241 Ἰσθμιονικῶν

156 1273 202 1321 τῇ
244 1267 299 1313 εἰς
340 1267 559 1318 Κασμύλον
595 1263 747 1306 Ῥόδιον
789 1267 957 1317 πύκτην·
1001 1266 1152 1317 ἱστορεῖ
1186 1264 1228 1305 δὲ
1267 1266 1404 1313 οὕτως·
1438 1265 1458 1305 ὁ
1493 1264 1528 1305 δ’
1566 1266 1716 1307 ἐθέλων
1750 1282 1788 1306 τε

155 1341 221 1380 καὶ
262 1343 485 1394 δυνάμενος
528 1341 632 1394 ἁβρὰ
672 1343 838 1394 πάσχειν
871 1342 942 1381 τὰν
975 1342 1186 1394 Άγαμήδεϊ
1221 1342 1440 1397 Τροφωνίῳ
1468 1339 1508 1381 θ’
1543 1341 1786 1395 ἓκαταβόλου

155 1418 404 1468 συμβουλίαν
460 1418 607 1469 λαβών·
665 1416 684 1456 ὁ
733 1416 776 1457 δὲ
822 1417 893 1468 τὴν
941 1416 1029 1468 περὶ
1077 1423 1200 1456 ταῦτα
1247 1417 1397 1468 φράσιν
1445 1418 1640 1465 συντάξας
1687 1417 1787 1470 λέγει

154 1493 280 1540 οὕτως
299 1525 306 1531 .
327 1525 333 1531 .
353 1525 359 1531 .
380 1524 386 1531 .
422 1496 565 1533 cetera
597 1494 800 1533 desunt.”

215 1569 391 1618 Optimo
435 1569 526 1608 iure
569 1569 762 1608 Rohdius
804 1570 1058 1609 observavit
1090 1569 1222 1608 verba
1255 1566 1274 1607 ὁ
1308 1565 1342 1606 δ’
1381 1566 1532 1606 ἐθέλων
1566 1592 1618 1597 -
1652 1570 1788 1621 λαβών

151 1645 291 1694 ipsius
332 1645 508 1683 Pindari
549 1644 703 1694 fuisse,
749 1645 918 1684 confert
960 1646 1107 1684 autem
1151 1645 1379 1683 Plutarchi
1422 1645 1554 1684 verba
1586 1646 1629 1684 in
1663 1645 1788 1685 Cons.

152 1720 205 1758 ad
247 1720 387 1769 Apoll.
435 1720 510 1758 14:
558 1717 649 1767 „nal
685 1718 774 1771 περὶ
822 1719 1063 1771 Ἀγαμήδους
1106 1717 1148 1758 δὲ
1180 1718 1247 1757 καὶ
1282 1719 1522 1769 Τροφωνίου
1556 1718 1657 1770 φησὶ
1690 1721 1789 1758 Πίν-

151 1794 292 1845 δαρος,
338 1794 407 1834 τὸν
454 1793 557 1833 νεὼν
605 1794 672 1833 τὸν
720 1793 762 1834 ἕν
810 1798 983 1845 Δελφοῖς
1026 1795 1372 1844 οἰκοδομήσαντας
1415 1794 1538 1833 αἰτεῖν
1578 1795 1686 1845 παρὰ
1718 1802 1788 1834 τοῦ

152 1869 396 1918 Ἀπόλλωνος
437 1869 599 1920 μισθόν·
640 1869 709 1909 τὸν
750 1867 788 1909 δ’
823 1870 959 1917 αὐτοῖς
992 1870 1306 1923 ἐπαγγείλασθαι
1340 1870 1394 1917 εἰς
1426 1869 1605 1922 ἑβδόμην
1636 1869 1788 1921 ἡμέραν

151 1943 390 1995 ἀποδώσειν,
422 1945 472 1985 ἐν
504 1947 734 2002 τοσούτῳ
763 1943 798 1985 δ’
830 1946 1151 1998 εὐωχεῖσθαι
1178 1947 1580 1997 παρακελεύσασθαι,
1606 1946 1699 1993 τοὺς
1727 1944 1789 1995 δὲ,

151 2019 394 2070 ποιήσαντας
436 2020 478 2059 τὸ
520 2018 787 2072 προσταχθὲν,
829 2028 874 2075 τῇ
916 2020 1069 2077 ἕβδόμῃ
1113 2020 1225 2060 νυκτὶ
1258 2020 1627 2072 κατακοιμηθέντας
1660 2025 1787 2060 τελευ-

150 2098 305 2144 τῆσαι”.
339 2096 414 2142 (Of.
448 2096 532 2136 Cic.
567 2097 693 2136 Tusc.
728 2098 764 2145 Ι,
800 2098 870 2145 47,
909 2099 1021 2142 114).

209 2171 400 2219 Apparet
441 2172 575 2220 igitur
617 2172 803 2211 Pindaro
845 2172 1040 2211 fabulam
1083 2173 1134 2211 de
1167 2174 1307 2221 primo
1341 2172 1559 2221 Apollinis
1590 2173 1785 2222 Delphici

149 2249 313 2297 templo
349 2249 419 2287 vel
452 2250 585 2297 adyto
620 2260 644 2288 a
674 2249 883 2288 fratribus
916 2250 1162 2299 Trophonio
1195 2251 1503 2299 Agamedeque
1536 2251 1786 2288 constructo

149 2323 284 2362 fuisse
316 2326 486 2372 notam,
520 2323 614 2362 sive
647 2334 702 2362 ex
734 2324 916 2373 hymno,
951 2325 1045 2364 sive
1078 2335 1132 2363 ex
1160 2325 1371 2374 ampliore
1402 2325 1578 2374 mytho;
1608 2327 1787 2374 apparet

149 2399 335 2438 eundem
377 2401 553 2447 poetam
591 2399 707 2438 hunc
739 2400 944 2447 mythum
973 2401 1182 2439 cecinisse
1215 2401 1258 2438 in
1291 2401 1372 2439 oda
1405 2400 1663 2448 Isthmiaca,
1698 2410 1782 2438 non

149 2475 198 2512 ut
239 2475 421 2522 putabat
463 2475 604 2523 Bergk
646 2475 744 2522 Lyr.
783 2486 821 2523 p.
857 2476 942 2514 295
977 2476 1020 2514 in
1055 2475 1239 2524 Θρήνοις.
1274 2476 1356 2514 Sed
1389 2476 1469 2514 oda
1501 2475 1576 2514 illa
1607 2486 1780 2524 parum,

148 2551 360 2596 quantum
405 2550 579 2597 quidem
622 2551 807 2598 scimus,
853 2551 1015 2599 profuit
1047 2551 1284 2599 Trophonii
1314 2550 1481 2598 famae3
1517 2552 1632 2589 certe
1664 2551 1782 2589 Euri-

148 2625 288 2672 pides,
334 2625 407 2672 qui
449 2625 491 2663 in
535 2625 638 2664 Ione
679 2625 937 2674 Delphicum
970 2626 1184 2674 templum
1218 2626 1314 2664 fuse
1342 2626 1563 2673 describit,
1600 2626 1650 2663 de
1683 2626 1781 2663 Tro-

148 2699 294 2747 phonii
351 2710 480 2747 opera
536 2700 579 2737 in
638 2711 686 2738 eo
735 2701 957 2739 condendo
1006 2701 1142 2739 allata
1188 2701 1314 2750 plane
1362 2701 1481 2749 silet,
1530 2701 1633 2739 licet
1681 2701 1780 2739 Tro-

149 2774 360 2822 phonium
402 2778 534 2813 vatem
578 2778 643 2814 ter
681 2771 762 2826 (vs.
808 2776 910 2823 300,
956 2776 1054 2824 393,
1100 2777 1201 2821 405)
1234 2776 1278 2814 in
1311 2786 1361 2814 ea
1393 2775 1538 2814 fabula
1569 2776 1778 2814 nominet.

192 2947 218 2987 ι>
242 2951 316 2981 Vid.
343 2951 403 2981 Die
428 2952 679 2982 Homerischen
704 2953 862 2990 Hymnen
889 2952 1023 2982 Gemoll
1048 2960 1081 2990 p.
1108 2953 1187 2982 114:
1217 2952 1330 2987 „Odor
1358 2953 1459 2981 sollte
1483 2952 1544 2981 der
1567 2954 1778 2989 sogenannte

145 3011 326 3048 pythische
351 3012 506 3049 Hymnus
531 3015 603 3042 erst
627 3013 714 3042 nach
738 3012 958 3051 Thucydides
984 3012 1133 3041 fallen?”
