2200 3487
439 331 519 367 122
1127 344 1180 370 DE
1212 344 1356 371 AIACE.

429 462 513 499 qua
554 456 648 492 erat
686 455 863 494 libidine
905 457 1032 495 deam
1074 458 1248 505 saepius
1282 458 1477 496 tentasse
1508 458 1743 505 dicebatur,
1776 457 1878 495 licet
1908 458 2061 504 utpote

428 528 650 575 terrigena
695 530 832 578 ipsius
879 531 982 570 deae
1029 530 1144 570 filius
1186 533 1433 570 haberetur.
1477 531 1671 570 Conferri
1711 533 1909 580 possunt,
1951 541 2062 579 quae

429 605 678 651 Herodotus
704 606 793 655 (IX,
820 607 888 652 63)
918 608 1097 646 tradidit
1125 608 1176 646 de
1204 609 1386 646 numine
1413 609 1614 656 aegyptio
1632 608 1767 655 deque
1786 608 1879 646 eius
1896 608 2062 644 matre:

433 677 502 727 „e'v
546 679 614 730 ἱρῷ
657 694 727 734 τεῳ
766 679 908 719 οἰκέειν
941 687 1009 719 τοῦ
1034 680 1170 732 ’Ἀρεος
1204 682 1276 731 τὴν
1309 681 1456 733 μητέρα
1488 681 1553 719 καὶ
1586 682 1654 720 τὸν
1681 681 1796 732 ’Ἀρεα
1828 680 2060 731 ἀπότροφον

428 753 645 804 γενόμενον
687 754 821 793 ἐλθεῖν
864 755 1166 807 ἐξανδρωμένον
1200 756 1391 795 ἐθέλοντα
1425 764 1470 811 τῇ
1502 757 1617 807 μητρὶ
1651 759 1840 807 συμμῖξαι
1871 755 1936 794 καὶ
1968 755 2061 801 τοὺς

427 830 657 878 προπόλους
690 836 757 880 τῆς
791 831 954 882 μητρὸς,
986 827 1050 870 οἷα
1084 832 1158 871 οὐκ
1191 831 1400 879 ὀπωπότας
1433 832 1554 871 αὐτὸν
1581 833 1774 882 πρότερον
1803 831 1850 870 οὐ
1868 837 2059 882 περιορᾶν

427 905 613 955 παρίεναι
641 904 738 944 ἀλλὰ
765 905 1000 957 ἀπερύκειν,
1026 907 1093 946 τὸν
1121 906 1163 946 δὲ
1189 907 1227 952 ἐξ
1251 908 1370 959 ἄλλης
1392 909 1529 954 πόλιος
1549 907 1796 960 ἀγαγόμενον
1815 907 2060 957 ἀνθρώπους

426 980 518 1026 τούς
550 995 587 1018 τε
619 981 848 1031 προπόλους
882 981 1049 1033 τρηχέως
1083 987 1290 1034 περισπεῖν
1323 983 1389 1022 καὶ
1423 983 1599 1022 ἐσελθεῖν
1631 983 1739 1032 παρὰ
1771 982 1842 1032 τὴν
1870 981 2062 1033 μητέρα”,

485 1055 598 1094 Deae
632 1059 779 1096 autem
814 1058 866 1096 ob
899 1068 1074 1097 causam
1109 1060 1222 1098 infra
1255 1061 1504 1099 accuratius
1543 1063 1672 1107 atque
1703 1060 1844 1098 fusius
1878 1069 1902 1097 a
1934 1058 2058 1096 nobis

425 1132 700 1170 tractandam
737 1134 927 1181 virgines
960 1135 1090 1173 certis
1109 1146 1130 1174 e
1149 1136 1382 1183 generibus
1401 1137 1521 1174 ortae
1542 1135 1848 1175 offerebantur.
1868 1133 2061 1173 Conferri

423 1209 607 1253 possunt
652 1209 859 1256 Agrionia
901 1209 1163 1249 Orchomeni
1196 1213 1313 1259 acta,
1349 1211 1421 1249 ubi
1454 1211 1693 1259 Minyeides
1724 1210 1883 1248 Bacchi
1919 1219 2059 1249 sacer-

421 1282 568 1319 dotem
602 1293 654 1320 ne
682 1283 733 1320 ab
768 1294 816 1322 eo
848 1284 1198 1324 interficerentur
1230 1286 1419 1334 effugere
1451 1286 1660 1324 solebant.
1693 1285 1857 1324 Fabula
1883 1285 2056 1333 quidem

421 1358 513 1394 erat
561 1357 728 1405 Minyae
776 1358 889 1398 filias
936 1361 1158 1400 Bacchum
1200 1362 1442 1410 despicatui
1485 1362 1711 1410 habuisse,
1755 1361 1883 1399 deum
1927 1361 2059 1408 igitur

427 1431 605 1470 victima
652 1434 912 1481 placandum
962 1446 1071 1485 esse,
1121 1437 1197 1476 sed
1239 1448 1260 1476 e
1308 1437 1533 1475 Plutarchi
1577 1437 1720 1476 verbis
1753 1437 1928 1482 (Anton.
1963 1436 2056 1481 24):

427 1506 652 1554 „Atdvvoog
679 1512 761 1553 τοῖς
787 1513 946 1557 πολλοῖς
973 1505 1024 1561 ἦν
1053 1509 1234 1561 ὠμηστὴς
1262 1511 1327 1550 καὶ
1354 1510 1594 1563 ἀγριώνος”,
1622 1512 1732 1550 satis
1756 1512 1953 1560 apparet,
1987 1509 2058 1558 agi

423 1581 473 1619 de
504 1584 682 1622 nurnine
715 1586 903 1632 quodam
931 1587 1213 1626 fecunditatis
1239 1588 1307 1626 cui
1334 1589 1526 1636 virgines
1552 1588 1719 1635 piaculo
1746 1586 2053 1625 offerebantur.

482 1657 684 1697 Victimis
716 1662 906 1709 acceptis
938 1663 1097 1700 ceteris
1124 1663 1327 1701 omnibus
1356 1664 1588 1711 benignam
1617 1673 1663 1701 se
1689 1661 1941 1711 praestabat
1955 1661 2052 1709 dea,

420 1732 632 1773 sacrificio
650 1739 797 1774 autem
817 1737 979 1776 omisso
996 1738 1065 1776 vel
1081 1739 1335 1777 intermisso
1354 1739 1511 1777 civitas
1528 1740 1571 1777 in
1588 1739 1780 1787 periculo
1799 1737 2055 1776 versabatur

720 1811 928 1859 φθίνουσα
960 1810 1031 1862 μὲν
1064 1813 1226 1859 κάλυξιν
1258 1812 1469 1864 ἐγκάρποις
1500 1814 1649 1864 χθονός

717 1887 926 1934 φθίνουσα
960 1885 995 1925 δ’
1032 1886 1188 1939 ἀγέλαις
1221 1889 1439 1939 βουνόμοις
1470 1889 1623 1927 τόκοισί
1651 1903 1689 1927 τε

716 1960 878 2013 ἀγόνοις
908 1970 1124 2015 γυναικῶν.

480 2036 535 2073 At
583 2037 694 2076 sicut
742 2040 785 2076 in
828 2041 1049 2088 Agrioniis
1095 2043 1247 2090 postea
1294 2052 1407 2080 nova
1449 2043 1649 2090 quaesita
1691 2044 1760 2081 est
1799 2042 1930 2091 ratio,
1965 2052 2050 2090 qua

421 2112 684 2160 Minyeidum
718 2115 981 2154 sacrificium
1016 2117 1224 2166 explicari
1251 2120 1416 2166 posset,
1446 2119 1509 2157 sic
1531 2119 1644 2156 inter
1671 2118 1865 2157 Locridis
1882 2128 2050 2166 quoque

416 2188 579 2227 incolas
621 2193 877 2238 posterioris
909 2194 1070 2231 aetatis
1103 2195 1200 2232 orta
1232 2196 1300 2232 est
1332 2194 1494 2242 fabula,
1530 2195 1654 2233 cuius
1686 2197 1834 2243 partes
1865 2194 2053 2242 agebant

418 2265 511 2301 tam
559 2265 631 2303 ille
679 2268 898 2315 terrigena
945 2278 1075 2315 quam
1123 2269 1203 2307 dea
1246 2267 1456 2319 ἐπιχωρία;
1497 2270 1656 2308 idcirco
1701 2271 1818 2308 enim
1860 2270 2053 2318 virgines

420 2339 664 2379 offerendae
707 2343 974 2392 dicebantur,
1017 2345 1222 2391 quoniam
1264 2345 1503 2393 terrigena,
1554 2345 1622 2384 vel
1668 2346 1796 2384 heros
1837 2346 1880 2384 in
1922 2355 2052 2393 quem

420 2417 618 2454 mutatus
651 2420 746 2455 erat
777 2419 843 2462 (cf.
878 2430 987 2466 quae
1018 2431 1150 2469 supra
1182 2420 1515 2460 observavimus
1543 2422 1594 2460 de
1622 2421 1825 2460 Aloeadis
1851 2421 2054 2460 heroibus

418 2489 580 2539 factis),
626 2492 668 2530 in
701 2494 845 2543 deam,
883 2495 948 2533 vel
980 2497 1125 2543 potius
1155 2497 1199 2534 in
1232 2497 1325 2535 eius
1358 2497 1567 2535 vicariam
1601 2499 1880 2545 terrestrem,
1916 2506 2052 2535 sacer—

419 2565 584 2614 dotem,
619 2569 848 2607 conamina
880 2580 961 2608 sua
992 2571 1224 2610 libidinosa
1256 2574 1499 2620 temptasse
1532 2572 1764 2611 ferebatur.
1792 2573 1921 2622 Nam,
1952 2582 2049 2611 cum

418 2639 649 2687 aliquando
691 2653 783 2681 rem
826 2645 1037 2684 nefariam
1069 2647 1112 2684 in
1146 2647 1240 2694 ipso
1273 2647 1377 2685 deae
1409 2645 1558 2696 τεμένει
1590 2650 1836 2696 perpetrare
1868 2649 2052 2686 conatus

417 2725 557 2765 aram,
599 2727 680 2763 quo
724 2719 845 2766 virgo
889 2721 1176 2771 confugisset,
1221 2723 1497 2761 contemnere
1530 2733 1614 2761 non
1647 2723 1911 2772 dubitasset,
1953 2725 2048 2762 tum

417 2791 496 2829 dea
551 2789 735 2832 terribili
790 2796 1040 2842 pestilentia
1089 2808 1218 2845 agros
1264 2799 1496 2837 infestarat
1537 2799 1773 2846 auditaque
1821 2801 1915 2837 erat
1961 2810 2046 2838 vox

416 2866 579 2914 placari
610 2878 708 2907 eam
740 2879 824 2907 non
857 2881 1003 2920 posse,
1037 2873 1121 2911 nisi
1152 2873 1344 2921 virgines
1377 2874 1580 2912 Locrides
1612 2874 1830 2922 piaculum
1863 2875 2047 2914 luerent.

478 2942 593 2990 Quae
625 2945 773 2982 autem
802 2956 826 2984 a
854 2946 1021 2984 civibus
1048 2949 1268 2987 destrictis
1297 2949 1474 2987 ensibus
1502 2972 1551 2976 -—
1589 2951 1636 2987 ut
1667 2950 1708 2987 in
1743 2950 1963 2997 Agrioniis
1991 2972 2043 2977 —

417 3018 579 3066 petitae
621 3020 731 3058 dolis
774 3022 842 3060 vel
874 3022 1005 3061 celeri
1048 3034 1177 3063 cursu
1211 3035 1368 3063 manus
1410 3025 1608 3064 letiferas
1649 3025 1909 3073 effugientes
1941 3027 2046 3065 deae
