2141 3487
829 324 882 352 DE
914 324 1058 352 ArAcE.
1705 319 1754 356 81

128 447 364 486 occupasse
406 438 560 482 (Strab.
596 438 687 486 VII,
722 438 836 483 321).
871 438 1007 477 Vocat
1052 438 1232 477 Ovidius
1266 439 1529 487 Megaridem
1564 441 1763 490 Lelegeia

126 512 256 552 litora
302 513 492 558 (Metam.
540 512 653 562 VIII,
705 515 767 561 6);
818 515 859 552 in
903 523 1109 552 scaenam
1153 514 1270 553 idem
1313 515 1432 554 ducit
1474 515 1758 556 Troezenium

130 590 306 628 heroem
350 590 525 628 nomine
568 589 771 637 Lelegem
818 589 946 638 (VIII,
993 590 1105 634 567).
1147 590 1284 628 Filius
1316 590 1433 630 illius
1467 591 1654 641 Lelegis,
1691 594 1762 640 qui

129 665 314 713 Megaris
335 665 564 714 regnabat,
601 665 837 704 vocabatur
869 666 1054 714 Kleson,
1091 667 1202 714 quod
1236 676 1396 705 nomen
1428 667 1471 705 in
1500 669 1761 707 memoriam

126 740 294 779 reducit
325 741 646 790 Klesonymum
679 740 746 780 τὸν
778 741 904 779 παῖδα
936 740 1275 791 Ἀμφιδάμαντος,
1309 752 1438 789 quem
1464 743 1691 782 Patroclus
1719 745 1761 783 in

128 816 276 855 Locris
323 818 437 856 inter
483 817 634 857 ludum
685 819 935 856 necaverat.
981 820 1045 862 (Ψ
1083 818 1167 862 87).
1212 818 1364 864 Itaque
1406 829 1491 857 non
1532 819 1676 858 solum
1719 821 1762 859 in

129 891 357 941 Laconica,
408 893 483 932 sed
532 895 667 933 etiarn
709 905 784 943 per
825 896 966 933 totam
1000 894 1192 933 mediam
1227 895 1455 933 Graeciam
1491 905 1516 934 a
1548 896 1763 944 Megaride

129 977 266 1015 usque
317 969 369 1007 ad
422 970 683 1008 Leucadiam
727 970 935 1017 reliquiae
978 969 1189 1018 Lelegum
1241 971 1433 1009 nominis
1474 972 1764 1020 reperiuntur.

127 1043 231 1082 Erat
262 1044 379 1082 enim
413 1044 547 1084 Lelex
578 1056 688 1084 avus
721 1046 958 1085 Teleboeae
991 1046 1307 1085 Teleboearum
1343 1048 1561 1095 eponymi.

188 1120 503 1169 Fragmentum
537 1122 806 1162 Hesiodeum
847 1124 926 1161 115
965 1123 1138 1168 (Rzach)
1173 1123 1304 1161 hosce
1337 1133 1491 1162 versus
1523 1125 1722 1172 praebet:

365 1191 390 1246 ἦ
423 1212 482 1235 τοι
515 1197 589 1249 γὰρ
624 1197 785 1249 Λοκρὸς
820 1196 1007 1250 Λελέγων
1039 1195 1215 1249 ἡγήσατο
1247 1200 1368 1247 λαῶν,

365 1273 456 1319 τούς
489 1272 540 1325 ῥά
571 1287 666 1312 ποτε
701 1274 904 1325 Κρονίδης
939 1273 1040 1320 Ζεὺς
1073 1272 1230 1323 ἄφθιτα
1264 1274 1391 1324 μήδεα
1423 1273 1569 1321 ,Ρειδὼς

364 1348 524 1395 λεκτοὺς
557 1347 598 1387 ἐκ
630 1349 746 1400 γαίης
781 1347 897 1396 ἁλέας
929 1349 1026 1401 πόρε
1059 1352 1321 1388 Δευκαλίωνι.

185 1424 420 1464 Deucalion
469 1426 581 1474 apud
628 1425 866 1464 Pindarum
915 1425 993 1471 (Ol.
1036 1425 1111 1475 IX,
1153 1427 1222 1471 43)
1271 1426 1394 1464 audit
1440 1428 1564 1475 pater
1610 1436 1762 1475 regum

127 1501 324 1539 omnium
373 1503 585 1549 quotquot
632 1501 676 1539 in
718 1501 896 1540 Locride
939 1503 1247 1550 regnaverunt.
1292 1501 1400 1549 Cyni
1442 1501 1484 1539 in
1527 1502 1763 1540 Locrorum

128 1575 233 1614 urbe
267 1576 434 1615 vixisse
467 1577 646 1624 dicitur;
682 1576 741 1615 ibi
774 1576 1084 1616 ostendebatur
1116 1577 1307 1625 Pyrrhae
1340 1577 1491 1615 uxoris
1523 1578 1616 1616 eius
1643 1583 1763 1626 σῆμα.

128 1651 230 1689 Erat
277 1651 424 1700 Cynus
471 1653 715 1701 emporium
771 1652 1000 1701 Lelegum,
1055 1654 1209 1701 portus
1251 1653 1363 1692 unde
1403 1663 1540 1692 naves
1582 1654 1762 1692 Locren-

127 1727 242 1765 sium
286 1728 494 1776 petebant
535 1729 689 1767 altum.
733 1729 949 1767 Memorat
986 1728 1140 1767 Strabo
1174 1729 1427 1777 oppidulum
1461 1728 1618 1778 Canas,
1656 1729 1764 1768 colo-

128 1805 246 1843 niam
280 1815 305 1843 a
336 1805 626 1844 Locrensibus
659 1807 738 1850 τοῑς
772 1803 813 1842 ἐκ
852 1804 992 1842 Κύνου
1028 1805 1247 1844 conditam
1276 1805 1413 1844 Lesbo
1441 1805 1612 1844 insulae
1639 1815 1762 1854 oppo-

128 1880 276 1920 sitam.
310 1881 458 1928 Neque
491 1882 613 1920 deest
645 1881 827 1919 Homeri
860 1881 1169 1920 testimonium
1203 1881 1244 1919 in
1280 1880 1509 1930 Catalogo:

365 1959 538 2007 Λοκρῶν
572 1952 608 1995 δ’
644 1953 888 2007 ἡγεμόνευεν
918 1952 1073 2006 Ὀιλῆος
1106 1955 1224 2006 ταχὺς
1260 1956 1360 2002 Αἴας

366 2032 407 2071 οἵ
430 2032 570 2071 Κῦνόν
603 2028 630 2070 τ’
652 2028 824 2082 ἐνέμοντ’
857 2028 1046 2070 Ὀπόεντα
1080 2046 1118 2070 τε
1151 2032 1382 2082 Καλλίαρόν
1414 2046 1463 2069 τε.

187 2109 256 2148 Sic
282 2109 474 2148 vidimus
510 2108 760 2147 Telamonis
792 2118 954 2147 nornen
985 2107 1044 2146 ibi
1076 2108 1282 2156 inveniri,
1319 2107 1392 2146 ubi
1425 2108 1633 2156 Lelegum
1662 2119 1762 2156 quo—

129 2195 210 2232 que
252 2195 410 2224 nomen
452 2185 656 2224 offendat.
705 2184 871 2233 Locris,
918 2184 1129 2232 Troezen,
1177 2184 1318 2232 Caria,
1365 2183 1559 2232 Miletus,
1607 2184 1761 2233 Troas,

126 2261 289 2300 Lesbos
322 2261 490 2309 antiqui
522 2261 588 2299 dei
620 2260 782 2298 marini
813 2261 1048 2298 servarunt
1078 2259 1354 2298 memoriam.

217 2337 266 2376 In
313 2338 408 2386 ipsa
447 2347 550 2376 vero
592 2335 771 2374 Locride
814 2335 928 2373 vixit
971 2345 1140 2383 quoque
1183 2335 1380 2384 nympha
1412 2345 1434 2373 e
1467 2345 1552 2383 qua
1584 2335 1763 2374 Telamo

128 2413 279 2461 genuit
323 2412 463 2451 filium
504 2412 738 2460 Teucrum,
782 2421 939 2460 nempe
980 2411 1186 2451 Hesione.
1230 2412 1340 2450 Nam
1385 2412 1588 2450 Menoetii
1629 2412 1767 2450 frater

129 2488 418 2527 Prometheus
460 2497 645 2526 uxorem
691 2487 862 2536 habuit,
908 2497 1040 2534 quam
1083 2487 1332 2526 Herodotus
1371 2487 1571 2525 nominat
1612 2488 1763 2526 Asiam

130 2563 213 2612 (IV,
259 2564 344 2613 45),
390 2563 635 2611 Aeschylus
679 2573 779 2601 vero
823 2563 1059 2607 (Prometh.
1106 2564 1206 2608 555)
1249 2563 1485 2602 Hesionen.
1530 2563 1625 2601 Huc
1657 2563 1765 2601 fucit

127 2639 338 2687 Hesychii
365 2639 536 2687 glossa:
564 2634 774 2684 ‘H6t0v8?g·
808 2637 844 2675 οἱ
871 2636 942 2687 τὴν
972 2638 1101 2675 Ἀσίαν
1130 2638 1334 2684 οἰκοῦντες
1352 2636 1558 2687 Ἕλληνες.
1588 2638 1762 2676 Utrum·

129 2725 210 2761 que
252 2724 413 2753 nomen
456 2713 677 2752 Hesionen
721 2715 762 2751 et
805 2713 960 2751 Asiam
1003 2713 1219 2762 Gruppius
1262 2714 1313 2752 ad
1347 2714 1532 2751 formam
1570 2723 1763 2751 commu-

131 2800 232 2828 nem
266 2789 444 2827 Ar’ffflav
477 2789 662 2828 rettulit.

189 2865 347 2904 Fusius
386 2866 476 2914 egit
508 2864 682 2903 Fickius
716 2865 766 2903 de
800 2864 1044 2912 Lelegibus.
1079 2864 1160 2903 Pro
1194 2875 1274 2903 sua
1307 2865 1530 2903 sententia
1562 2864 1766 2902 omnibus

127 2940 300 2979 indiciis
327 2941 516 2988 undique
545 2940 742 2979 collectis
769 2940 1074 2988 pronuntiavit
1101 2943 1153 2989 (p.
1187 2941 1266 2978 107
1297 2943 1427 2988 sqq.):
1461 2939 1564 2988 „Die
1585 2939 1764 2987 Leleger

130 3018 354 3055 stammen
387 3026 466 3054 aus
499 3017 598 3054 dem
630 3016 917 3055 Nordwesten
950 3016 1036 3054 und
1069 3016 1209 3054 haben
1243 3016 1334 3054 sich
1368 3026 1451 3054 von
1480 3016 1657 3064 Epeiros
1686 3026 1764 3053 aus

209 3085 400 3114 Viin'fflssm.
1643 3086 1660 3111 G
