2141 3487
865 297 919 324 DE
952 297 1096 324 Amos.
1737 291 1790 327 23

160 414 338 460 apparet
373 413 403 450 B
436 413 520 452 557
554 423 617 460 sq.
653 414 783 451 natos
817 421 916 451 esse
950 421 971 450 e
1005 411 1194 460 parodia.
1230 411 1339 459 Quid
1372 421 1475 450 vero
1507 412 1566 450 sit
1593 412 1794 465 παρῳὸεῑν

160 487 283 527 docet
315 489 530 527 scholium
565 489 618 527 ad
652 490 700 526 M
737 489 833 527 175.
867 487 944 526 Est
977 496 1155 526 versus:

452 562 562 602 ἄλλοι
597 561 631 602 δ’
656 560 754 614 ἀμφ’
790 562 932 617 ἅλλῃσι
964 562 1094 613 μάχην
1129 561 1318 613 ἐμάχοντο
1350 563 1518 616 πύλῃσι,

158 640 340 678 annotat
370 640 612 680 scholium:
651 639 915 694 „napgbd'moct
947 637 989 678 ἐκ
1020 644 1091 678 τοῦ

215 712 324 754 ἄλλοι
357 712 397 754 δ’
434 713 534 766 ἀμφ’
574 715 714 771 ἄλλῃσι
747 716 878 767 μάχην
911 714 1104 766 ἐμάχοντο
1138 713 1267 753 νέεσσι
1299 715 1408 761 (scil.
1443 725 1507 754 VS.
1543 715 1576 753 O
1608 716 1724 759 414).

153 790 252 841 πρὸς
282 791 400 839 ποίας
429 789 471 830 δὲ
488 792 617 839 πύλας
646 790 872 843 ἐμάχοντοὶ)
900 789 1061 830 οὐδέπω
1088 789 1162 842 γὰρ
1191 789 1454 841 διαβεβήκασι
1483 789 1553 839 τὴν
1580 790 1789 841 τάφρονέ”

214 867 323 917 Quid
366 868 436 907 hic
469 868 587 907 valet
620 867 857 922 παρῳδεῖνῖ)
889 868 1054 916 Nempe
1087 864 1323 917 μεταφέρειν
1356 864 1395 912 ἐξ
1426 864 1549 905 ἄλλου
1583 865 1637 912 εἰς
1669 864 1790 905 ἄλλον

152 942 290 993 τόπον,
334 944 395 982 nil
428 944 638 993 amplius;
673 945 759 983 nisi
791 944 905 992 quod
938 953 1074 982 unum
1107 943 1352 982 alterumve
1387 942 1649 982 vocabulum
1679 943 1791 982 forte

155 1020 416 1059 mutandum
474 1022 583 1059 erat.
642 1021 711 1060 Sic
754 1021 799 1058 in
847 1019 1073 1059 comoedia
1114 1018 1318 1073 παρῳδεῑν
1361 1020 1556 1068 vocatur,
1603 1017 1697 1056 ὅταν
1748 1017 1790 1057 ἐκ

154 1095 374 1150 τραγῳδίας
408 1100 703 1151 μετενεχθῇ
738 1094 757 1135 ὁ
787 1095 915 1147 στίχος
951 1095 1107 1142 (Schol.
1138 1096 1209 1135 Ar.
1238 1095 1346 1134 Ach.
1375 1105 1441 1133 VS.
1470 1095 1524 1140 8).
1545 1095 1613 1133 Sic
1630 1095 1790 1135 Athen.

154 1171 257 1210 VIII
286 1172 371 1211 364
400 1173 432 1209 B
474 1183 619 1212 sermo
663 1171 712 1211 fit
759 1173 811 1212 de
855 1171 999 1211 verbis
1039 1170 1139 1222 ἅπερ
1170 1170 1301 1208 πάντα
1335 1168 1376 1208 ἐκ
1408 1176 1487 1208 τῶν
1520 1170 1574 1217 εἰς
1599 1167 1794 1210 “Ησίοδον

157 1244 478 1298 ἀναφερομένων
513 1248 696 1300 μεγάλων
724 1245 877 1287 Ἠοίων
911 1246 976 1286 καὶ
1000 1246 1159 1298 ’Έργων
1192 1245 1428 1300 παρῴδητοι
1460 1246 1487 1285 i.
1523 1257 1557 1285 e.
1591 1247 1800 1287 translata

154 1325 266 1362 sunt.
312 1324 381 1363 Sic
415 1326 459 1363 et
492 1324 595 1363 alibi
630 1324 753 1375 στίχοι
785 1324 1072 1379 παρῳδοῦνται
1107 1324 1133 1362 i.
1167 1334 1203 1362 e.
1237 1324 1557 1372 transferuntur
1588 1325 1718 1371 atque
1751 1324 1794 1362 in

155 1400 377 1439 recitando
425 1401 726 1449 superioribus
774 1401 977 1440 versibus
1025 1401 1343 1449 adz'uwyuwtur;
1385 1400 1549 1449 saepius
1589 1401 1638 1438 ut
1678 1399 1795 1438 risus

155 1478 387 1515 moveatur
418 1477 626 1527 auditori,
658 1480 704 1516 at
731 1488 815 1516 non
840 1487 1014 1526 semper,
1043 1477 1301 1526 praesertim
1329 1475 1402 1515 ubi
1419 1485 1504 1514 non
1523 1476 1570 1515 de
1588 1476 1796 1515 comoedia

157 1553 315 1601 agitur.
350 1553 475 1603 Nam,
510 1564 620 1601 quae
653 1564 786 1593 eausa
819 1554 990 1593 iocandi
1024 1555 1141 1592 esset
1175 1553 1218 1592 in
1251 1563 1383 1592 versu
1415 1554 1465 1590 M
1501 1552 1617 1592 175?
1650 1552 1794 1591 Statu-

156 1639 285 1669 amus
331 1630 464 1678 igitur
511 1631 554 1668 in
601 1630 765 1669 scholio
814 1630 867 1668 ad
917 1631 966 1667 M
1018 1631 1098 1669 175
1142 1628 1344 1683 παρῳόεῐν
1386 1628 1533 1667 valere
1565 1629 1794 1675 transferre

154 1705 370 1753 ceterisque
411 1706 594 1745 versibus
635 1706 865 1754 adiungere
907 1704 1213 1759 (παρ-ᾠδάν),
1257 1705 1327 1743 vel
1368 1706 1417 1743 ut
1447 1704 1626 1743 brevius
1659 1703 1792 1752 signi—

152 1780 356 1820 ficemus:
385 1782 644 1831 interpolare.
664 1782 823 1822 Utrum
841 1793 945 1821 vero
963 1792 1018 1821 ex
1036 1782 1131 1830 ipsa
1147 1783 1224 1820 tua
1240 1783 1391 1819 mente
1410 1791 1464 1819 an
1484 1791 1540 1819 ex
1557 1780 1642 1819 alio
1661 1780 1790 1828 scrip-

146 1857 240 1896 tore
254 1867 421 1897 novum
439 1858 791 1898 additamentum
809 1858 1003 1907 petieris,
1022 1857 1084 1896 nil
1101 1857 1255 1896 refert:
1276 1856 1531 1905 interpolas,
1551 1856 1786 1895 Athenien-

150 1942 222 1971 ses
248 1933 384 1982 igitur
407 1934 460 1973 ad
488 1945 551 1974 vs.
583 1936 615 1972 Β
643 1936 727 1974 556
755 1933 987 1988 παρῴδουν,
1013 1935 1039 1973 i.
1060 1944 1095 1973 e.
1116 1932 1332 1972 addebant
1349 1942 1504 1972 versus
1521 1941 1607 1970 non
1625 1942 1681 1970 ex
1699 1932 1784 1971 alio

153 2010 329 2048 auctore
356 2011 611 2061 translatos,
642 2011 718 2050 sed
747 2021 769 2050 e
791 2011 884 2049 suis
900 2011 1095 2059 ipsorum
1113 2008 1335 2048 mentibus
1352 2008 1395 2047 in
1413 2008 1595 2047 Iliadem
1613 2007 1783 2046 illatos:

448 2086 551 2133 Αἴας
588 2083 622 2125 δ’
646 2085 687 2125 ἐκ
722 2089 954 2136 Σαλαμῖνος
986 2084 1080 2137 ἄγεν
1114 2086 1186 2124 δύο
1219 2083 1285 2123 καὶ
1319 2083 1413 2123 δέκα
1446 2089 1545 2134 νῆας

444 2158 577 2212 ’στῆσε
611 2159 647 2201 δ’
684 2161 793 2214 ἄγων
826 2158 871 2200 ἵν’
913 2162 1137 2212 Ἀθηναίων
1169 2161 1326 2199 ἵσταντο
1355 2160 1564 2212 φάλαγγες.

212 2237 487 2286 Megarenses
520 2241 670 2278 autem
697 2237 1018 2292 ἀντιπαρῴδουν,
1043 2239 1070 2277 i.
1089 2249 1124 2277 e.
1143 2239 1191 2276 ut
1206 2236 1502 2276 Athenienses
1519 2236 1783 2286 refutarent,

152 2310 272 2358 (ἀντι)
299 2314 622 2363 interpolarunt
654 2324 822 2364 versus,
851 2324 959 2362 quos
993 2314 1035 2353 et
1065 2313 1150 2362 ipsi
1181 2323 1262 2352 sua
1293 2323 1315 2351 e
1346 2314 1494 2351 mente
1527 2313 1570 2351 in
1602 2312 1782 2351 Iliadem

152 2390 500 2430 transtulerunt:

448 2466 550 2513 Αἴας
584 2463 619 2505 δ’
657 2465 698 2505 ἐκ
730 2469 963 2516 Σαλαμῖνος
996 2464 1091 2518 ἄγεν
1123 2464 1216 2512 νέας
1248 2464 1291 2504 ἔκ
1317 2480 1356 2504 τε
1388 2465 1590 2516 Πολίχνης

446 2541 489 2581 ἔκ
521 2539 557 2581 τ’
593 2543 884 2595 Αἰγειρούσσης
916 2542 1092 2593 Νισαίης
1124 2557 1162 2581 τε
1198 2542 1408 2594 Τριπόδων
1440 2556 1490 2581 τε.

211 2617 432 2658 Debentur
478 2620 559 2659 hae
606 2619 966 2668 interpolationes
1012 2619 1188 2658 saeculo
1236 2621 1377 2658 sexto.
1425 2619 1584 2657 Poetae
1630 2617 1786 2665 hymni

152 2693 322 2733 Cereris
354 2696 508 2733 notum
541 2695 677 2734 fuisse
710 2705 774 2734 vs.
809 2695 893 2734 558
928 2695 1098 2733 censuit
1123 2695 1253 2734 Platt.
1287 2694 1459 2743 Quare?
1488 2694 1594 2743 Quia
1620 2694 1661 2731 h.
1691 2692 1782 2732 Cer.

153 2780 218 2809 vs.
265 2771 350 2809 384
399 2771 551 2820 incipit
597 2781 622 2809 a
664 2771 810 2809 verbis
848 2766 980 2819 ’στῆσε
1022 2766 1062 2807 d'
1106 2768 1237 2821 ἑέγωνῑ
1271 2771 1399 2809 Haud
1433 2770 1627 2809 validum
1660 2780 1781 2817 argu-

152 2849 367 2886 mentum.
417 2848 497 2885 Sed
545 2847 646 2894 quid
686 2847 938 2885 lucramur?
980 2846 1093 2884 Nam
1126 2847 1321 2895 tempus,
1355 2856 1438 2893 quo
1477 2845 1551 2884 ille
1591 2846 1783 2892 hymnus

151 2922 293 2961 factus
344 2925 430 2972 est,
475 2922 658 2961 minime
691 2923 879 2961 constat.
914 2921 1104 2972 Fiekius‚
1139 2921 1417 2961 Baumeister
1449 2921 1623 2960 saeculo
1655 2921 1782 2959 sexto

150 2998 368 3049 hymnum
400 2999 714 3046 attribuerunt!
