2141 3487
847 309 899 335 DE
934 309 1079 336 ΑῑΑοΕ.
1723 299 1776 335 89

148 423 464 470 superbiorem,
509 420 550 458 τὸ
594 427 660 470 τῆς
703 421 863 471 γνώμης
897 419 1054 469 ἕτοιμον
1088 423 1114 460 i.
1149 432 1184 460 e.
1219 423 1416 460 animum
1452 422 1524 469 qui
1559 422 1708 459 cedere
1741 426 1782 459 et

148 498 263 537 flecti
303 497 483 536 nesciat.
529 496 651 535 Talia
682 497 724 535 in
758 497 888 535 Aiace
926 497 1089 536 maiore
1122 507 1291 545 quoque
1325 497 1548 536 observari
1583 499 1781 545 possunt.

151 573 318 621 „Scires
351 571 462 610 unde
494 571 628 619 geniti
663 572 863 611 essent!''

463 957 564 1000 XV.
598 957 664 999 De
698 957 859 999 fabula
893 956 1091 1009 quadam
1123 957 1462 1001 Philostratea.

201 1101 316 1149 Quae
364 1110 498 1149 supra
546 1100 596 1138 de
645 1100 792 1138 Aiacis
834 1099 977 1138 forma
1020 1102 1062 1138 et
1104 1101 1263 1138 natura
1297 1100 1606 1138 vetustissima
1639 1099 1781 1138 obser-

140 1177 346 1215 vavimus
389 1175 659 1214 corroborari
701 1177 886 1223 possunt
928 1175 1254 1214 narrationibus
1296 1175 1559 1222 quibusdam
1597 1176 1649 1214 ad
1687 1176 1780 1214 eius

140 1252 347 1299 exequias
389 1251 727 1300 pertinentibus,
762 1260 946 1297 quarum
981 1251 1252 1289 mentionem
1287 1251 1454 1289 faciunt
1484 1251 1780 1290 Philostratus

142 1329 184 1365 et
217 1327 414 1365 Tzetzes.

198 1403 291 1441 Iam
333 1412 466 1450 supra
509 1401 646 1440 obiter
688 1411 778 1440 rem
835 1401 1082 1450 tetigimus,
1128 1413 1242 1441 nunc
1297 1413 1397 1441 vero
1441 1403 1584 1441 fusius
1632 1403 1683 1442 de
1726 1413 1775 1441 ea

140 1477 356 1526 agendum
393 1478 474 1515 est.

198 1553 323 1601 Apud
366 1552 684 1591 Philostratum
723 1552 913 1600 legimus
947 1552 1132 1596 (Heroic.
1169 1553 1290 1598 707):
1330 1554 1562 1602 „habuisse
1594 1555 1775 1593 Aiacem

138 1630 421 1667 mansuetum
465 1627 699 1666 draconem
748 1627 936 1675 quinque
980 1627 1150 1666 cubitos
1184 1628 1386 1677 longum,
1432 1629 1504 1676 qui
1547 1639 1633 1668 una
1675 1639 1772 1668 cum

135 1705 228 1752 ipso
278 1704 422 1742 bibere
469 1703 650 1751 soleret,
701 1713 873 1751 semper
915 1703 958 1741 in
1003 1704 1097 1742 eius
1139 1705 1392 1752 praesentia
1433 1707 1570 1753 esset,
1619 1706 1662 1743 in
1705 1706 1775 1743 via

134 1790 234 1818 eum
267 1779 456 1828 praeiret
489 1779 557 1817 vel
591 1779 712 1817 canis
745 1779 797 1817 ad
830 1779 971 1817 instar
1003 1789 1104 1817 eum
1137 1781 1438 1826 sequeretur.’'
1473 1780 1697 1828 Sequitur:

196 1856 401 1904 „Aiacem
434 1855 730 1893 Cassandram
763 1855 938 1902 quidem
963 1855 1207 1903 abripuisse
1234 1865 1258 1892 a
1277 1855 1497 1894 Minervae
1516 1856 1771 1903 simulacro,

131 1931 200 1970 cui
233 1931 486 1980 supplicans
521 1931 641 1978 virgo
675 1931 924 1969 inhaereret
958 1931 1034 1969 sed
1075 1941 1158 1969 non
1195 1931 1384 1970 violasse
1416 1932 1645 1970 iniuriisve
1673 1932 1771 1970 affe-

135 2007 262 2055 cisse,
308 2006 420 2053 quod
462 2005 638 2044 fabulae
672 2006 722 2043 de
757 2016 805 2044 eo
840 2006 1015 2045 mentiri
1050 2006 1233 2045 soleant.
1269 2007 1412 2046 Immo
1445 2008 1657 2046 intactam
1692 2009 1770 2046 vir·

133 2083 282 2129 ginem
311 2081 363 2119 ad
391 2081 630 2119 tentorium
659 2091 788 2119 suum
817 2081 1069 2120 abduxisse.
1099 2083 1484 2130 Agamemnonem
1514 2085 1679 2132 contra,
1704 2084 1775 2121 ubi

131 2157 437 2205 conspexisset
461 2155 773 2204 Cassandram,
795 2167 905 2203 quae
923 2159 1016 2195 tam
1036 2159 1272 2196 venustate
1301 2168 1431 2204 quam
1450 2158 1618 2196 artibus
1637 2159 1773 2197 excel-

132 2231 260 2279 leret,
306 2231 539 2269 confestim
583 2241 733 2270 amore
776 2233 954 2279 captum
998 2233 1213 2280 virginem
1256 2233 1378 2271 Aiaci
1411 2233 1634 2281 eripuisse.
1671 2234 1774 2272 Orta

133 2307 286 2345 deinde
327 2307 370 2344 in
413 2307 598 2354 praedae
631 2307 867 2354 partitione
901 2308 1201 2346 controversia
1233 2308 1411 2346 Aiacem
1445 2309 1695 2356 postulasse
1728 2312 1776 2348 ut

133 2381 215 2419 sibi
262 2382 518 2420 redderetur
565 2392 697 2429 quam
746 2383 952 2431 cepisset,
1003 2383 1077 2421 sed
1126 2385 1508 2431 Agamemnonem
1556 2385 1769 2435 noluisse,

131 2458 326 2505 quinimo
369 2459 548 2497 Aiacem
591 2458 894 2507 insimulasse,
941 2461 1053 2507 quod
1103 2461 1147 2499 in
1194 2461 1415 2499 Minervae
1449 2461 1553 2499 aede
1596 2463 1770 2510 captam

130 2535 392 2581 stuprasset.
428 2533 698 2571 Subornatos
731 2544 900 2581 quoque
934 2545 1030 2574 esse
1059 2535 1109 2573 ab
1139 2537 1492 2585 Agamemnone,
1523 2538 1595 2584 qui
1626 2538 1768 2575 huius-

131 2608 250 2647 modi
297 2609 341 2646 in
389 2608 652 2647 Graecorum
702 2610 860 2647 castris
911 2610 1210 2658 dispergerent
1255 2622 1505 2651 sermones:
1556 2614 1772 2652 horrenda

130 2684 281 2721 omnia
309 2684 436 2723 deam
465 2685 517 2722 ob
546 2684 689 2722 scelus
715 2685 873 2723 iratam
902 2687 1179 2735 portendere,
1199 2689 1462 2737 exercitum,
1489 2689 1574 2727 nisi
1592 2690 1769 2727 Aiacem

131 2759 346 2808 perderet,
383 2770 488 2798 mox
522 2761 665 2807 ipsum
700 2761 958 2807 periturum.

185 2833 305 2872 Tunc
355 2835 465 2873 Oilei
514 2834 652 2873 filium
700 2836 998 2883 recordatum,
1044 2839 1261 2884 quomodo
1310 2839 1421 2877 alter
1468 2841 1582 2878 Aiax
1624 2841 1769 2886 iniquo

126 2909 285 2947 iudicio
334 2910 555 2959 periisset,
601 2911 865 2958 sapientiam
909 2913 1057 2950 autem
1100 2913 1325 2952 Palamedi
1368 2925 1644 2961 nequaquam
1676 2926 1768 2963 pro-

126 2983 275 3032 fuisse,
307 2995 404 3022 cum
432 2985 648 3033 lapidibus
675 2986 858 3024 obrutus
888 2986 1106 3036 interiret,
1140 2990 1270 3027 noctu
1299 3000 1432 3037 parvo
1451 2990 1626 3038 navigio
1646 2991 1765 3029 coelo
