2200 3487
458 331 537 368 192
935 346 987 372 DE
1020 346 1304 374 EUGAMMoNJs
1336 348 1592 377 TELEGONIA.

450 454 585 493 Primi
626 458 698 504 qui
736 460 833 506 post
865 459 1099 498 Pindarum
1134 462 1175 499 in
1209 462 1348 500 literis
1380 464 1690 510 superstitibus
1722 465 1901 503 nomina
1929 464 2071 502 ambo⁴

449 539 546 567 rum
575 531 965 572 Orchomeniorum
994 545 1091 573 cum
1119 546 1241 574 sacro
1270 537 1483 584 Apollinis
1501 539 1819 578 coniunxerunt
1836 540 2074 587 hymnique

451 617 603 646 versus
644 609 686 645 in
730 610 989 648 memoriam
1032 614 1307 658 revocarunt,
1343 615 1448 651 sunt
1479 614 1718 652 scholiasta
1750 616 2073 655 Alexandrinus

449 682 492 719 in
534 683 894 733 Aristophanem,
938 686 1091 725 Strabo
1132 687 1220 733 (IX,
1265 688 1378 735 421),
1424 688 1684 728 Plutarchus
1725 687 1798 739 l.l.‚
1831 692 2074 730 Pausanias

449 758 520 805 (X,
572 763 615 809 5,
669 764 749 810 13),
801 763 948 810 Steph.
999 763 1101 809 Byz.
1150 774 1183 800 s.
1236 773 1272 800 v.
1319 762 1492 809 Λε).φοί;
1538 764 1773 813 admodum
1816 766 1947 813 igitur
1987 767 2073 805 seri

449 840 661 876 auctores.

505 914 585 951 Sed
635 913 756 951 fama
797 913 976 952 deorum
1019 913 1358 951 architectorum
1402 913 1504 951 licet
1545 914 1753 952 Herodoti
1793 915 2071 964 Platonisque

443 988 712 1036 temporibus
739 989 782 1026 in
809 988 1013 1027 tenebras
1040 989 1277 1027 recessisse
1306 989 1516 1037 videatur,
1536 989 1683 1026 floruit
1700 991 1800 1028 ante
1818 990 2073 1038 Pindarum,

445 1074 526 1101 non
583 1066 721 1101 tamen
775 1074 850 1110 per
901 1066 1026 1102 totam
1076 1062 1309 1112 Graeciam,
1358 1064 1433 1101 sed
1481 1064 1524 1101 in
1576 1064 1760 1102 vallibus
1807 1063 2073 1103 absconditis

445 1139 668 1186 Boeotiae,
714 1139 756 1176 in
799 1139 1012 1176 Arcadiae
1049 1139 1142 1178 loco
1173 1140 1343 1177 remoto
1377 1138 1685 1186 montibusque
1718 1142 1882 1186 saepto.
1917 1140 2076 1178 Thebis

445 1214 649 1252 exstabat
691 1214 1024 1262 Amphitryonis
1068 1214 1224 1252 domus
1269 1224 1366 1252 cum
1409 1214 1644 1251 Alcmenes
1684 1214 1899 1262 thalamo,
1943 1225 2071 1262 quem

444 1287 603 1337 ἐποίησε
654 1289 886 1338 Τροφώνιος
936 1285 999 1337 ἠδ’
1054 1288 1274 1340 Ἀγαμήδης
1318 1290 1459 1333 (PaUS.
1504 1289 1583 1337 IX,
1633 1291 1704 1338 ll,
1742 1291 1801 1336 1);
1837 1290 1878 1328 in
1913 1290 2072 1328 vicinia

445 1365 687 1404 Mantineae
735 1364 990 1409 Ποσειδῶνός
1038 1362 1116 1401 ἔστι
1158 1368 1229 1401 τοῦ
1272 1363 1414 1401 ἱππίου
1454 1362 1495 1400 τὸ
1532 1363 1653 1413 ἱερόν,
1695 1365 1806 1412 quod
1850 1365 2072 1415 Ἀγαμήδης

443 1437 622 1490 λέγονται
662 1437 728 1477 καὶ
768 1439 1002 1488 Τροφώνιος
1044 1444 1230 1487 ποιῆσαι,
1262 1438 1396 1487 δρυῶν
1430 1439 1526 1484 ξύλα
1559 1436 1815 1488 ἐργασάμενοι
1850 1438 1915 1477 καὶ
1949 1437 2071 1488 ἁρμό-

444 1526 580 1560 σαντες
627 1513 726 1563 πρὸς
774 1512 920 1563 ἄλληλα
969 1514 1108 1559 (Paus.
1157 1513 1276 1561 VIII,
1326 1514 1395 1561 10,
1443 1514 1482 1557 2)
1497 1525 1505 1560 ;
1549 1514 1906 1561 antiquissimum
1938 1515 2071 1562 igitur

443 1590 694 1638 exemplum
729 1589 896 1628 delubri
929 1599 950 1626 e
983 1588 1181 1626 trabibus
1214 1588 1417 1635 confecti,
1452 1589 1562 1634 quod
1596 1589 1804 1628 Hadriani
1832 1600 1934 1628 cura
1959 1599 2071 1628 novo

441 1665 603 1713 templo
661 1665 829 1713 lapideo
878 1664 1194 1702 circumdatum
1246 1663 1356 1701 seris
1403 1663 1592 1701 saeculis
1637 1664 1825 1711 speciem
1875 1664 2073 1712 praebuit

442 1741 770 1778 vetustissimae
803 1738 1059 1778 aedificandi
1092 1739 1214 1778 artis,

475 1815 615 1864 Quae
663 1816 783 1853 fama
829 1814 1075 1862 Trophonio
1121 1814 1235 1851 unde
1281 1813 1467 1860 venerit,
1519 1810 1615 1861 quis
1662 1814 1842 1860 dixerit;
1885 1814 2071 1852 fortasse

433 1890 647 1938 originem
680 1890 831 1928 duxite
864 1889 1078 1937 singulari
1110 1890 1333 1926 structura
1366 1888 1619 1937 speluncae,
1650 1899 1779 1936 quam
1807 1889 1913 1927 deus
1940 1889 2067 1927 Leba-

437 1966 542 2004 deae
583 1976 669 2004 non
718 1965 846 2003 modo
895 1964 1129 2011 habitasse,
1179 1963 1253 2001 sed
1303 1963 1437 2000 etiam
1486 1964 1788 2002 construxisse
1833 1963 2067 2002 dicebatur.

434 2041 544 2079 Nam
577 2041 949 2079 subterranearam
981 2039 1240 2087 praesertim
1269 2038 1478 2077 cellarum
1507 2038 1873 2077 aedificandarum
1902 2040 2069 2086 peritus

434 2126 528 2154 esse
561 2116 779 2154 ferebatur
804 2113 844 2159 1).
880 2115 987 2153 Utut
1019 2115 1060 2152 id
1093 2116 1160 2153 est
1194 2137 1245 2142 —
1281 2116 1323 2153 et
1354 2125 1468 2152 nunc
1499 2115 1679 2153 tandem
1715 2115 1767 2152 ad
1794 2115 2064 2162 propositum

434 2191 697 2229 revertimur
741 2212 793 2217 -—
837 2201 996 2229 nomen
1033 2187 1222 2240 Ἐργίνου
1265 2193 1415 2239 utpote
1454 2190 1505 2228 ab
1539 2188 1655 2239 ἔργον
1688 2190 1933 2228 derivatum
1964 2191 2068 2228 tunc

434 2266 610 2304 demum
654 2276 752 2304 cum
799 2265 1044 2313 Trophonio
1090 2265 1373 2304 coniunctum
1417 2267 1460 2304 et
1491 2265 1619 2303 seriei
1651 2276 1802 2313 regum
1839 2266 2068 2304 Orchome-

432 2340 604 2378 niorum
646 2340 861 2378 insertum
904 2350 1001 2378 esse
1043 2340 1229 2387 videtur,
1274 2350 1374 2378 cum
1417 2340 1691 2387 Trophonius
1733 2340 1819 2378 iam
1856 2340 1986 2388 vulgo
2019 2343 2065 2378 ut

433 2414 697 2452 architectus
741 2414 1047 2452 celebraretur.
1092 2414 1211 2452 Tunc
1252 2414 1432 2453 Daedali
1466 2425 1562 2453 cum
1599 2415 1652 2452 iis
1685 2415 1966 2453 coniunctum
2001 2417 2069 2454 est

433 2498 611 2536 nomen,
660 2499 788 2536 quem
836 2499 966 2536 prope
1015 2492 1191 2527 antrum
1241 2489 1466 2527 Lebadeae
1514 2491 1712 2528 statuam
1760 2490 1961 2537 posuisse
2010 2512 2062 2517 -

434 2564 599 2609 priscae
640 2564 863 2611 religionis
905 2564 1216 2602 documentum
1255 2587 1304 2591 —
1341 2565 1452 2612 apud
1485 2565 1750 2603 Pausaniam
1788 2564 1880 2612 (IX,
1917 2565 1992 2613 39,
2026 2565 2066 2610 8)

434 2637 634 2684 legimus.

493 2712 836 2751 observavimus
878 2714 1005 2752 deum
1044 2715 1220 2762 frugum
1254 2715 1438 2754 altorem
1458 2710 1486 2760 2)
1520 2716 1768 2764 praeditum
1801 2715 1937 2753 fuisse
1970 2719 2063 2753 arte

479 2847 501 2886 ¹)
527 2849 577 2878 Cf.
601 2849 802 2886 Dioscuros,
827 2852 894 2879 tam
923 2850 966 2879 ob
993 2853 1101 2881 artem
1128 2851 1333 2881 aedificandi
1358 2861 1462 2889 quam
1485 2853 1528 2882 ob
1553 2853 1647 2882 illam
1674 2851 1898 2882 vaticinandi.

472 2906 499 2948 ²⁸)
524 2909 652 2949 τρέφειν.
684 2910 885 2939 Memoriam
915 2911 1017 2940 huius
1043 2910 1098 2940 dei
1123 2915 1240 2941 servat
1264 2913 1452 2942 Pausanias
1476 2913 1532 2947 IX,
1559 2914 1612 2948 40,
1639 2914 1673 2942 1:
1701 2921 1779 2942 cum
1804 2913 1894 2943 enim
1921 2913 2063 2942 Boeotia

428 2968 486 2997 diu
515 2967 632 3006 pluvia
658 2970 827 2999 caruisset
852 2972 886 2999 et
909 2971 1041 3000 incolae
1065 2972 1260 3009 Apollinem
1286 2973 1477 3002 remedium
1504 2975 1683 3009 rogarent.
1706 2972 1894 3010 προσέταξεν
1917 2975 1932 3010 ἡ
1954 2976 2064 3002 Πυθία

430 3029 515 3068 παρὰ
543 3031 719 3068 Τροφώνιον
745 3032 772 3060 3:
795 3031 970 3069 Λεβάδειαν
995 3034 1142 3061 ἐλθοῦσιν
1165 3034 1312 3071 supro-‘iar
1338 3033 1423 3071 παρὰ
1448 3035 1564 3062 ἐκείνου
1589 3033 1621 3061 τὸ
1646 3036 1731 3069 ἴαμα.
