2141 3487
840 314 893 341 DE
926 312 1070 341 Amen.
1724 298 1774 334 27

147 435 205 484 „0
248 436 361 474 Aiax
393 431 667 479 Telamonis,
702 429 792 468 noli
826 438 897 467 me
930 428 1174 476 despicere,
1209 435 1312 464 nam
1347 434 1427 472 ego
1461 432 1631 470 quoque
1663 422 1780 461 belli-

145 521 294 550 carum
327 510 487 548 artium
520 517 619 546 sum
654 505 836 554 peritus,
876 505 1113 551 Martisque
1147 502 1279 541 choro
1313 500 1515 538 initiatus
1546 499 1691 536 sum.”

203 587 246 624 N
276 586 360 624 823
393 594 485 632 sqq.
519 584 632 623 Aiax
665 592 750 621 non
784 581 878 620 sine
912 580 1034 620 omni
1059 579 1200 618 ironia
1226 577 1460 616 Hectorem
1490 574 1609 613 hisce
1636 573 1781 612 verbis

144 662 197 702 ad
239 662 463 700 certamen
506 659 730 708 singulare
772 658 1005 706 provocat:
1054 654 1282 705 „donativa-s,
1323 652 1461 703 σχεὸὸι
1505 649 1666 699 ἐλθέ1”,
1716 651 1783 689 cui

141 739 356 777 Troianus
411 738 477 776 ira
533 735 848 775 exardescens:
908 729 1041 782 „24ch
1096 728 1390 782 &ffiaptofsnsffi
1439 727 1623 780 βουγάιε,
1662 728 1780 763 ποῖον

144 813 354 860 ἓ’.Ρειπεςέ”
403 813 485 852 Hic
531 821 700 860 quoque
748 821 773 849 a
819 809 1024 857 loquendi
1071 809 1241 847 ratione
1289 807 1401 845 inter
1448 805 1603 843 heroes
1653 802 1786 841 solita

145 890 329 930 discedit
346 891 520 936 neuter;
551 888 832 927 conferantur
859 886 1008 934 modo,
1038 894 1147 932 quae
1175 884 1485 931 Agamemnon
1519 882 1562 918 et
1593 878 1786 918 Achilles

146 966 231 1005 sibi
263 966 455 1005 invicem
488 965 694 1003 inferant.

204 1043 250 1079 H
277 1042 508 1081 195—199
538 1041 652 1080 Aiax
680 1050 785 1079 suos
813 1039 1075 1078 adhortatur
1102 1035 1448 1083 commilitones,
1478 1034 1527 1072 ut
1544 1042 1619 1082 pro
1638 1031 1782 1071 salute

147 1128 229 1157 sua
260 1119 515 1168 precentur:

442 1190 523 1232 ἀλλ’
560 1189 658 1246 ἄγετ’
697 1191 804 1244 ὄφρα
836 1188 874 1230 κ’
910 1190 985 1243 ἐγὼ
1017 1189 1215 1240 πολεμήια
1246 1188 1383 1239 τεύχεα
1417 1186 1500 1225 δύω

444 1266 554 1321 τόφρ’
590 1264 688 1320 ὗμες
720 1267 886 1320 εὔχεσθε
918 1265 986 1306 Διὶ
1021 1266 1225 1319 Κρονίωνι
1256 1263 1450 1313 schama,

150 1348 396 1395 sequuntur
428 1345 563 1385 verba
594 1345 715 1384 vario
747 1344 878 1384 modo
910 1343 1156 1383 intellecta:

304 1424 385 1462 197
450 1428 541 1476 σιγῇ
573 1417 630 1470 ἐφ’
668 1419 833 1471 ὑμείων,
865 1419 930 1458 ἵνα
965 1418 1018 1470 μὴ
1055 1416 1184 1469 Τρῶές
1215 1431 1258 1470 ys
1289 1417 1504 1455 πύθωνται

451 1495 492 1548 ὴὲ
525 1495 592 1536 καὶ
625 1495 851 1547 ἀμφαδίην,
883 1493 967 1534 ἐπεὶ
1001 1493 1048 1533 οὔ
1081 1509 1171 1532 τινα
1205 1492 1398 1543 δέδᾟιμεν
1431 1490 1568 1542 ἔμπης·

450 1572 497 1612 οὐ
531 1573 605 1625 γάρ
638 1572 694 1619 τίς
728 1587 775 1623 με
808 1571 876 1625 βίῃ
909 1585 951 1623 ys
982 1569 1117 1609 fsncbv
1150 1567 1350 1608 o’cfssnovw
1384 1568 1535 1618 δίηται,

447 1648 544 1689 οὐδέ
576 1665 610 1688 τι
642 1649 819 1703 Ῐιδριίῃ,
853 1646 936 1686 ἐπεὶ
969 1643 1058 1686 οὐδ’
1095 1644 1161 1697 ἐμὲ
1192 1645 1343 1696 νήῐιδά
1375 1641 1404 1696 y’
1427 1643 1553 1689 οὕτως

444 1724 647 1776 Ἑέλπομαι
679 1724 721 1764 s’v
753 1727 956 1775 Σαλαμῖνι
988 1722 1179 1776 γενέσθαι
1211 1737 1249 1762 τε
1281 1720 1481 1772 τραφέμεν
1513 1734 1563 1758 τε.

207 1803 300 1842 Hos
333 1813 489 1842 versus
522 1803 574 1842 ab
607 1802 756 1841 Aiacis
789 1801 986 1841 moribus
1019 1811 1118 1840 esse
1152 1800 1319 1839 alienos
1352 1808 1452 1837 curn
1479 1794 1789 1835 Alexandrinis

149 1880 360 1928 putarunt
385 1878 650 1918 recentiores
678 1879 891 1918 nonnulli.
921 1878 1144 1928 „Nonne”‚
1175 1878 1238 1916 ita
1264 1876 1455 1924 rogatur,
1487 1872 1660 1923 „herois
1689 1877 1796 1909 cum‘

148 1954 292 1994 indole
325 1955 544 2004 congruit,
573 1957 808 2004 postquam
836 1954 1166 1994 commilitones
1186 1963 1326 2002 parva
1353 1961 1459 1991 voce
1484 1951 1534 1988 ut
1559 1948 1793 1998 precentur

150 2031 440 2079 commonuit,
472 2031 618 2070 subito
646 2033 796 2070 mente
825 2040 1040 2070 conversa
1069 2030 1247 2068 addere:
1281 2031 1352 2077 „at
1376 2037 1451 2076 per
1477 2036 1549 2064 me
1575 2025 1679 2063 licet
1706 2023 1790 2062 alta

152 2116 258 2146 voce
305 2107 563 2156 precamini,
615 2108 823 2155 quoniam
870 2106 1042 2145 nullum
1090 2104 1448 2154 pertimescimus
1496 2110 1635 2148 neque
1677 2099 1792 2138 ullus

152 2193 223 2221 me
257 2183 298 2221 vi
332 2183 400 2222 vel
433 2185 526 2222 arte
561 2183 751 2222 bellandi
783 2183 996 2232 repellere
1029 2182 1236 2231 potest”?
1272 2178 1524 2228 „Minime,'’
1558 2175 1793 2225 respondet

153 2257 467 2307 Wilamowitz,
520 2269 636 2307 „wer
684 2260 729 2298 in
776 2259 1016 2298 frommem
1065 2258 1195 2296 Sinne
1244 2256 1298 2295 eh
1340 2265 1387 2294 es
1430 2264 1530 2293 zum
1564 2253 1791 2292 schweren

155 2333 342 2382 Kampfe
375 2335 480 2382 geht
513 2335 580 2373 die
616 2335 854 2374 Gefahrten
887 2335 1018 2374 bittet
1049 2334 1118 2372 fiir
1150 2333 1227 2371 ihn
1260 2343 1313 2371 zu
1347 2332 1495 2379 beten,
1525 2330 1598 2368 der
1624 2337 1791 2367 renom-

156 2409 263 2447 mirt
293 2410 435 2459 nicht,
464 2410 568 2448 dass
596 2410 748 2449 keiner
774 2410 869 2449 ihm
896 2420 950 2449 an
980 2410 1107 2449 Kraft
1135 2409 1222 2448 und
1250 2405 1647 2447 Geschicklichkeit
1674 2403 1793 2442 iiber·

154 2484 283 2533 legen
311 2486 418 2524 sei.'’
452 2485 637 2534 Egregia
671 2487 817 2529 verba.
848 2487 1015 2525 Monuit
1048 2486 1197 2524 autem
1230 2484 1347 2523 idem
1379 2493 1419 2521 v.
1454 2482 1492 2521 d.
1526 2480 1794 2520 servandum

158 2569 255 2598 esse
299 2570 504 2599 versum:
550 2567 640 2615 σιγῇ
685 2557 743 2611 ἐφ’
789 2559 954 2611 ὑμείων,
995 2560 1061 2599 ἵνα
1104 2558 1158 2609 μὴ
1194 2557 1324 2610 Τρῶές
1357 2572 1399 2610 ys
1432 2557 1664 2604 πύθωνται,
1696 2555 1798 2594 licet

156 2635 210 2674 ab
239 2636 436 2684 antiquis
464 2639 759 2685 expungatur.
789 2637 1046 2676 Cavendum
1077 2636 1197 2675 enim
1224 2635 1362 2674 fuisse
1389 2633 1513 2672 Aiaci
1531 2642 1585 2671 ne
1602 2631 1798 2670 hostiurn

154 2721 307 2760 preces
363 2712 466 2751 illis.
510 2712 774 2752 Graecorum
831 2712 944 2761 apud
991 2712 1097 2751 deos
1143 2712 1370 2750 nocerent.
1418 2708 1618 2748 Profiteri
1665 2707 1799 2754 igitur

155 2788 338 2827 Aiacem
380 2799 427 2828 se
468 2790 589 2828 nullo
633 2789 763 2828 modo
806 2789 926 2828 Iovis
968 2788 1132 2827 auxilio
1167 2797 1315 2826 carere
1348 2796 1490 2835 posse,
1526 2785 1590 2823 uti
1622 2794 1698 2832 par
1732 2784 1798 2820 est

157 2862 354 2911 profiteri
386 2875 509 2915 eum,
543 2866 615 2913 qui
649 2865 778 2904 modo
813 2864 957 2903 socios
989 2867 1037 2902 ut
1069 2873 1145 2912 pro
1180 2873 1226 2901 se
1259 2862 1543 2911 precarentur
1574 2859 1752 2907 rogarit.

215 2938 380 2978 Versus
421 2950 525 2980 vero
572 2942 651 2980 197
698 2951 790 2988 sqq.
824 2940 993 2978 servari
1024 2950 1110 2979 non
1142 2949 1273 2988 posse
1306 2938 1393 2977 alia
1425 2945 1592 2984 quoque
1625 2934 1794 2973 ratione

155 3013 326 3064 probari
368 3018 527 3065 potest.
562 3017 648 3057 Fac
681 3017 800 3056 enim
838 3016 1017 3056 Aiacem
1050 3015 1187 3055 fuisse
1220 3015 1448 3053 hominem
1480 3011 1688 3060 impium,
1722 3009 1795 3058 qui
