2200 3487
870 381 922 409 DF:
956 382 1099 410 ΑῐΑοΕ.
1747 375 1797 411 15

258 497 289 532 Κ
323 495 407 533 228
470 495 766 543 speculatores
799 498 1008 543 surgunt:

255 647 290 682 H
324 646 404 684 164

255 796 288 834 Θ
318 793 403 835 262

243 953 291 989 Μ
319 952 404 990 335

247 1332 290 1368 N
320 1332 402 1370 201

252 1561 290 1596 Σ
325 1560 403 1599 157

474 569 619 608 Αἴαντε
653 571 736 609 δύω
768 571 1016 620 θεράποντες
1041 570 1198 622 Ἄρηος.

467 655 564 686 cum
599 646 787 685 Hectore
819 647 1071 686 dimicaturi
1105 648 1321 696 prodeunt

468 720 636 768 Αἴαντες
667 724 816 772 θοῦριν
848 720 1093 772 ε’πιέειμένοι
1125 722 1262 773 ἀλκήν.

468 798 638 837 hostem
673 799 984 846 aggrediuntur
1017 801 1116 848 post
1148 799 1401 839 Diomedem
1437 803 1480 840 et
1513 802 1712 841 Atridas:

473 874 637 920 Αἴαντες
670 878 820 924 θοῦριν
852 873 1096 924 ε’πιῐειμένοι
1128 873 1266 925 ἀλκήν.

469 952 748 990 Menestheus
791 952 958 991 amicos
999 962 1185 999 quorum
1224 954 1323 1001 eget
1355 954 1518 993 auxilio
1552 955 1798 1004 circumspi-

529 1029 668 1067 ciens:

469 1102 506 1149 ἐς
539 1101 572 1142 δ’
611 1100 742 1154 ἐνόησ’
781 1103 929 1142 Αἴαντε
962 1104 1069 1153 δύω,
1100 1101 1278 1154 πολέμοι’
1314 1103 1494 1157 ἀκορήτω

468 1178 665 1226 ἑσταότας.

527 1256 665 1295 Simul
699 1266 773 1295 eos
805 1257 982 1295 invocat
1010 1267 1074 1297 vs,
1109 1257 1208 1296 354.

467 1332 606 1370 Simul
639 1332 843 1372 auferunt
875 1334 919 1371 et
950 1332 1140 1381 spoliant
1172 1332 1425 1372 confossum
1459 1334 1656 1373 hostem:

469 1402 520 1454 ὦς
553 1407 602 1458 ρ”α
634 1407 701 1446 τὸν
733 1405 863 1457 ὑψόθ’
901 1407 1033 1459 ἔχοντε
1066 1408 1150 1447 δύω
1184 1408 1330 1446 Αἴαντε
1362 1409 1536 1460 κορυστὰ

468 1481 581 1534 τεύχεὶ
622 1482 828 1534 ἐσυλήτην.

467 1561 532 1599 ter
563 1560 776 1598 Patroclis
808 1570 832 1598 a
865 1560 1077 1599 cadavere
1107 1561 1355 1609 propellunt
1387 1562 1624 1600 Hectorem

471 1631 534 1674 δύ’
574 1635 752 1682 Αἴαντες.

231 1786 499 1836 Quibusdam
548 1786 657 1825 locis
704 1786 894 1825 editores
937 1786 1138 1824 dubitant
1181 1785 1335 1823 Αἴαντα
1379 1786 1509 1825 edant
1553 1796 1608 1824 an
1651 1785 1810 1824 Αἴαντε.

174 1862 219 1902 Ε.
253 1873 292 1910 g.
341 1863 377 1899 K
425 1863 498 1910 53,
545 1862 618 1900 ubi
659 1863 855 1910 praestat
897 1861 1042 1909 legere
1086 1860 1239 1899 Αἴαντα
1281 1861 1386 1900 licet
1427 1871 1501 1916 vs⁸¹>
1530 1862 1613 1900 110
1646 1863 1690 1900 et
1725 1863 1806 1900 112

174 1940 410 1986 utrumque
466 1938 795 1977 convocandum
855 1939 1035 1976 censeat
1089 1937 1262 1976 Nestor.
1311 1936 1646 1986 Coniunguntur
1694 1938 1810 1977 enim

175 2014 286 2052 Aiax
319 2015 363 2052 et
394 2014 656 2053 Idomeneus
689 2018 769 2059 (vs.
804 2014 873 2062 53,
913 2014 1011 2058 112)
1044 2013 1158 2052 Aiax
1190 2014 1335 2052 minor
1368 2015 1412 2052 et
1447 2013 1601 2061 Phylei
1635 2012 1764 2052 filius.

236 2090 286 2127 M
309 2090 413 2139 342,
443 2089 512 2128 ubi
541 2089 775 2138 legendum
807 2088 950 2126 Αἴαντε
977 2088 1074 2128 coll.
1108 2099 1172 2128 vs.
1203 2089 1311 2137 353;
1344 2089 1376 2126 O
1404 2089 1508 2137 301,
1529 2089 1602 2127 ubi
1619 2088 1806 2128 fortasse

174 2168 368 2214 praestat
401 2165 564 2214 Αἴαντε,
600 2175 700 2204 cum
727 2175 802 2214 per
827 2166 966 2203 totam
985 2164 1186 2203 Palioxin
1204 2165 1360 2204 heroes
1377 2166 1546 2204 certent
1564 2165 1808 2212 coniuncti;

178 2244 208 2279 P
237 2243 341 2290 626,
375 2240 449 2279 ubi
480 2241 717 2289 legendum
751 2239 899 2278 Αἴαντε
932 2240 1027 2279 0011.
1061 2250 1126 2279 vs.
1161 2241 1260 2279 668.

235 2317 460 2356 Interdum
495 2327 595 2355 cum
628 2317 832 2355 Aiacibus
864 2316 1144 2364 coniungitur
1176 2315 1353 2355 Teucer.
1388 2316 1484 2355 Uno
1511 2326 1641 2355 versu
1668 2316 1807 2355 iuxta-

175 2393 305 2441 positi
337 2394 518 2431 exstant
549 2393 591 2429 N
623 2392 732 2430 313:

355 2465 522 2513 Αἴαντές
554 2481 592 2505 τε
625 2467 708 2505 δύω
746 2466 918 2518 Τεῦκρός
950 2463 995 2505 θ’
1033 2464 1075 2513 ὃς
1108 2465 1267 2516 ἄριστος
1302 2470 1462 2518 Ἀχαιῶν
1491 2464 1495 2519 Ι
1525 2467 1730 2521 τοξοσύνῃ.

236 2543 334 2583 Solo
376 2545 526 2582 autem
568 2553 667 2582 cum
710 2542 963 2582 Telamonio
1006 2543 1199 2592 procedit
1242 2543 1351 2582 Oilei
1382 2543 1500 2582 filius
1532 2544 1576 2582 in
1610 2543 1807 2592 imagine

175 2620 221 2658 N
251 2620 335 2658 700
367 2629 484 2667 sqq.:

472 2694 574 2741 Αἴας
608 2690 643 2732 δ’
667 2692 799 2733 οὐκέτι
829 2693 1012 2745 πάμπαν,
1037 2690 1193 2745 Ὀιλῆος
1227 2693 1344 2745 ταχὺς
1376 2694 1482 2744 υἱὸς,

470 2767 592 2809 ἵστατ’
627 2766 691 2808 ἀπ’
728 2769 901 2817 Αἴαντος
937 2770 1207 2820 Τελαμωνίου,
1239 2767 1330 2809 οὐδ’
1364 2764 1389 2821 ἦ
1423 2770 1552 2822 βαιόν·

472 2843 551 2885 ἀλλ’
588 2846 639 2893 ὥς
671 2843 704 2884 τ’
741 2845 782 2884 ἐν
815 2853 906 2899 νειῷ
940 2845 1008 2896 βόε
1039 2846 1211 2885 Ἑοίνοπε
1242 2845 1394 2896 πηκτὸν
1426 2845 1594 2899 ἄροτρον

468 2924 589 2961 ,Ρῖσον
620 2921 757 2972 θυμὸν
789 2921 920 2973 ἔχοντε
951 2922 1168 2961 τιταίνετον
1186 2952 1383 2962 ........

470 2993 521 3045 ὧς
553 2997 605 3037 τὼ
637 2999 894 3049 παρβεβαῶτε
926 2994 1012 3047 μάλ’
1048 2996 1218 3036 ἕστασαν
1249 2996 1463 3048 ἀλλήλοιιν.

235 3073 427 3114 Observa
458 3085 551 3114 rem
584 3075 780 3114 maxime
812 3074 1060 3113 mirandam
1093 3074 1162 3114 hic
1195 3074 1321 3113 nobis
1352 3073 1534 3113 narrari.
1563 3073 1674 3112 Nam
1704 3083 1803 3112 cum
