2141 3487
805 310 857 336 Da
891 308 1035 336 AlACE.
1662 297 1738 333 117

104 429 296 477 Utroque
344 428 438 467 loco
484 436 632 465 sermo
676 424 725 463 fit
766 424 817 462 de
862 422 1041 460 victima
1083 421 1300 468 lapidibus
1334 420 1486 468 petita,
1520 420 1596 457 sed
1629 429 1738 466 quae

105 505 321 543 Minervae
354 503 406 542 ad
438 513 559 540 aram
594 500 787 548 confugit
820 498 1036 537 auxilium
1070 497 1164 535 eius
1198 496 1453 544 implorans,

165 579 363 618 Dubitari
404 577 572 626 nequit,
617 577 718 624 quin
764 576 879 613 inter
919 576 1129 621 mortem,
1165 583 1248 620 qua
1282 572 1465 610 Ilienses
1500 571 1742 618 virginibus

107 654 426 701 minitarentur,
476 655 606 700 atque
654 651 777 690 illam
821 661 930 698 quae
974 649 1097 688 Aiaci
1141 649 1451 696 destinaretur,
1496 646 1599 694 quin
1632 647 1744 683 inter

106 729 302 777 modum,
338 739 421 776 quo
457 728 644 776 virgines
677 727 869 765 salutem
901 727 1178 773 quaererent,
1215 726 1344 771 atque
1377 723 1523 762 Aiacis
1555 732 1609 760 ne
1642 721 1744 770 lapi·

104 805 228 844 dibus
284 804 540 843 obrueretur
597 803 748 851 fugam
809 802 861 840 ad
909 811 1031 839 aram
1081 801 1320 848 Minervae,
1370 800 1481 837 ratio
1529 798 1742 845 quaedam

99 880 355 920 intercedat.
390 881 477 919 Aut
506 881 617 918 ritus
646 890 668 917 e
695 878 949 917 narratione
980 877 1102 926 epica
1132 879 1207 915 aut
1234 877 1339 914 haec
1357 886 1379 914 e
1401 876 1487 914 ritu
1514 873 1743 922 dependet.

165 957 346 996 Ullusne
373 959 458 1004 est,
493 957 565 1003 qui
594 955 790 1002 ambigat
820 955 964 992 utram
993 954 1037 991 in
1065 955 1237 1001 partem
1254 952 1465 991 inclinet?
1492 949 1551 988 Ut
1568 948 1746 997 saepius

102 1033 166 1071 sic
213 1033 282 1071 hic
322 1042 490 1080 quoque
534 1032 646 1070 ritus
686 1031 771 1069 fuit
802 1030 1161 1076 fundamentum,
1196 1038 1279 1076 quo
1313 1028 1441 1076 poeta
1472 1027 1517 1064 in
1550 1023 1745 1063 carmine

105 1119 184 1148 suo
231 1109 457 1157 pangendo
504 1118 611 1147 usus
655 1110 736 1146 est.
779 1107 945 1145 Fabula
987 1108 1138 1145 autem
1170 1106 1221 1144 de
1254 1105 1418 1144 scelere
1451 1104 1503 1142 ab
1536 1103 1669 1141 Aiace
1700 1100 1744 1138 in

106 1184 398 1224 Cassandram
431 1185 671 1223 commisso
703 1194 802 1222 curn
836 1183 925 1221 iam
960 1182 1001 1220 in
1037 1181 1210 1230 Cypseli
1245 1181 1357 1219 cista
1383 1179 1604 1228 insculpta
1631 1179 1747 1216 inve-

108 1262 265 1308 niatur,
317 1271 400 1300 non
442 1260 633 1298 multum
673 1258 978 1297 aberrabimus
1021 1259 1272 1296 statuentes
1310 1257 1422 1295 hanc
1454 1255 1748 1294 narrationem

109 1338 197 1375 iam
230 1338 331 1375 ante
365 1336 451 1375 700
479 1346 517 1374 a.
537 1334 581 1374 G.
609 1345 650 1373 n.
686 1344 892 1372 sermone
920 1333 1119 1382 populari
1145 1333 1281 1371 fuisse
1308 1332 1596 1380 divulgatam.
1625 1330 1750 1368 Unde

110 1412 309 1460 sequitur
356 1412 493 1449 ritum
550 1411 618 1449 vel
666 1411 907 1458 antiquiori
954 1409 1089 1448 aetati
1138 1419 1235 1448 esse
1293 1408 1588 1447 tribuendum.
1639 1406 1753 1454 Quae

111 1487 366 1527 concludere
394 1487 497 1526 licet
524 1486 705 1525 scholiis
730 1486 782 1524 ad
800 1486 1154 1534 Lycophronem‚
1183 1485 1377 1533 epitoma
1403 1483 1635 1531 Vaticana,
1665 1491 1751 1520 non

112 1563 420 1602 refutantibus.

171 1638 404 1687 Quaeritur
448 1639 597 1676 tamen
640 1639 688 1676 ut
730 1638 775 1675 in
807 1647 853 1675 re
886 1636 1109 1685 perdubia,
1143 1646 1196 1674 an
1231 1635 1404 1674 aliunde
1438 1643 1606 1682 quoque
1638 1642 1754 1671 nova

111 1714 377 1753 documenta
424 1714 519 1752 erui
571 1714 745 1762 possint
797 1713 851 1751 ad
909 1713 1023 1751 hanc
1073 1712 1370 1750 coniecturam
1429 1708 1749 1748 stabiliendam.

112 1789 281 1828 Revera
336 1789 559 1827 Bruckner
614 1799 636 1827 e
698 1785 930 1828 ruderibus
987 1787 1122 1826 fontis
1174 1787 1403 1825 cuiusdam
1449 1795 1579 1833 prope
1628 1793 1749 1822 aram

113 1865 332 1904 Minervae
373 1865 523 1903 Iliadis
565 1864 697 1912 positi
730 1863 840 1902 effici
873 1873 1001 1911 posse
1035 1863 1118 1900 sibi
1150 1864 1218 1900 est
1251 1862 1372 1900 visus
1404 1861 1520 1899 hunc
1561 1860 1748 1907 fontem,

114 1952 136 1980 e
183 1951 266 1989 quo
320 1940 513 1988 virgines
570 1940 810 1978 Locrenses
863 1949 1023 1986 aquam
1081 1938 1284 1976 hausisse
1342 1936 1611 1983 dicebantur,
1659 1935 1747 1973 iam

114 2016 383 2064 perantiquis
430 2016 702 2064 temporibus
753 2015 812 2053 ibi
864 2015 1057 2054 affuisse.
1112 2013 1204 2062 Qua
1255 2013 1307 2051 de
1349 2023 1394 2051 re
1440 2012 1649 2050 lectorem
1696 2010 1749 2048 ad

114 2093 354 2132 Bruckneri
394 2093 745 2140 disquisitionem
789 2091 950 2130 referre
986 2091 1097 2129 satis
1130 2089 1296 2129 habebo
1327 2089 1473 2136 (Troja
1513 2088 1600 2126 und
1642 2086 1750 2125 Ilion

117 2169 158 2207 II
190 2169 382 2209 Abschn.
416 2169 506 2213 IX).

177 2245 357 2284 Accedit
388 2245 500 2292 quod
532 2244 796 2282 documenta
828 2252 998 2290 quoque
1024 2242 1222 2281 literaria
1247 2242 1478 2280 historiam
1507 2240 1755 2289 spectantia

116 2322 356 2369 imaginem
403 2320 639 2369 praebeant
681 2319 900 2358 Minervae
941 2318 1088 2357 cultus
1119 2319 1182 2356 ita
1213 2318 1443 2365 solemnis,
1484 2319 1532 2355 ut
1564 2316 1754 2364 suspicio

117 2399 285 2436 crescat
326 2397 395 2434 hic
428 2396 498 2443 agi
530 2396 580 2434 de
613 2395 818 2433 instituto
852 2394 1179 2442 antiquissimo,
1216 2394 1340 2432 cuius
1372 2393 1493 2441 origo
1526 2393 1569 2430 in
1601 2392 1756 2440 priscis

118 2472 391 2520 temporibus
422 2471 670 2518 quaerenda
702 2471 774 2509 sit.

177 2547 349 2587 Xerxes
395 2548 514 2586 enim
562 2558 662 2586 cum
710 2547 885 2585 Troiam
928 2546 1124 2585 venisset
1168 2544 1206 2591 ἐς
1244 2544 1286 2583 τὸ
1330 2544 1519 2596 Πριάμου
1552 2541 1757 2594 πέργαμον

119 2621 241 2674 ἀνέβη
284 2623 421 2673 ἵμερον
466 2621 565 2673 ἔχων
597 2621 840 2671 θεήσασθαι·
875 2620 1128 2670 θεησάμενος
1163 2617 1205 2658 δὲ
1236 2626 1283 2674 τῇ
1316 2618 1511 2673 Ἀθηναίῃ
1544 2625 1590 2672 τῇ
1619 2614 1760 2655 Ἰλιάδι

121 2697 243 2737 ἔθυσε
270 2698 368 2749 βοὺς
391 2698 536 2749 χιλίας,
557 2696 650 2748 χοὰς
668 2694 710 2734 δὲ
728 2696 768 2734 οἱ
787 2695 925 2747 Μάγοι
943 2699 1044 2733 τοῖσι
1063 2695 1188 2746 ἥρωσι
1206 2693 1364 2745 ἐχέαντο
1384 2695 1557 2740 (Herod.
1576 2694 1656 2732 VII
1675 2693 1759 2737 43)-

182 2774 404 2814 Mindarus
447 2784 615 2822 quoque
658 2772 1105 2812 Lacedaemoniorum
1139 2772 1390 2810 nauarchus
1424 2768 1691 2809 sacrificavit
1722 2766 1763 2805 ἐν

122 2851 225 2906 Ἰλίῳ
257 2857 303 2904 τῇ
337 2854 488 2904 Ἀθηνᾷ
522 2850 646 2896 (Xen.
681 2849 792 2888 Hell.
827 2849 860 2896 I,
895 2850 950 2893 4).

187 2927 423 2975 Splendide
471 2926 725 2965 Alexander
765 2925 952 2972 Magnus
995 2922 1181 2962 ἀνελθὼν
1224 2923 1261 2969 ἐς
1294 2922 1415 2961 Ἴλιον
1457 2928 1503 2975 τῇ
1544 2935 1582 2958 τε
1614 2923 1765 2972 Ἀθηνᾷ

127 3000 254 3040 ἔθυσε
288 3007 335 3055 τῇ
361 2997 502 3039 Ἰλιάδι
535 2999 601 3038 καὶ
633 2999 704 3049 τὴν
737 2999 966 3037 πανοπλίαν
999 2998 1070 3049 τὴν
1098 2998 1223 3037 αὑτοῦ
1251 2997 1452 3047 ἀνέθηκεν
1485 2996 1522 3042 ἐς
1554 2995 1623 3033 τὸν
1650 2994 1765 3041 νεών,
