2141 3487
841 306 895 333 nn
928 305 1073 333 ΑῐΛοΕ.
1712 297 1765 333 29

140 423 300 462 vilius?
333 423 552 471 Quantum
586 423 787 460 mutatus
820 421 872 459 ab
906 420 993 469 illo,
1023 420 1095 468 qui
1124 430 1328 458 unacum
1347 416 1769 468 Telamonioignem

137 509 162 537 a
195 499 460 538 Graecorum
493 497 680 536 navibus
713 506 859 536 arcere
893 496 1152 535 conabatur!
1188 495 1357 544 Quanto
1390 495 1574 534 nobilior
1602 496 1770 534 videtur

137 575 360 614 Thersites
407 584 511 622 prae
557 574 638 613 hoc
681 574 959 622 imperatore.
1003 573 1065 611 Ne
1108 573 1205 611 Irus
1247 572 1420 619 quidem
1466 582 1488 610 e
1531 573 1772 611 certamine

136 660 235 689 cum
270 649 398 688 Ulixe
430 650 537 688 inito
571 650 776 688 discessit
807 650 883 688 sic.
918 648 1130 688 Meliusne
1162 650 1292 697 poeta
1317 646 1565 696 significare
1582 650 1770 698 poterat,

134 735 266 773 quam
309 726 479 764 invisus
512 726 734 764 Minervae
766 725 898 764 suerit
930 725 1000 763 hic
1032 725 1181 773 heros,
1217 733 1347 771 quam
1381 723 1623 772 despicatui
1656 727 1776 763 esset

133 801 303 840 cunctis
335 802 559 840 Achaeis?

193 877 402 916 Attamen
435 877 600 916 nullam
629 879 835 926 rapuerat
861 876 1176 925 Cassandram,
1207 876 1377 915 nullam
1404 876 1593 915 violarat
1619 876 1770 916 Miner-

131 964 211 993 vae
254 964 389 992 aram.
434 954 581 1002 Neque
624 953 702 992 tali
735 954 865 993 modo
897 953 1071 992 locutus
1104 952 1263 991 fuisset
1294 954 1424 1001 poeta
1454 951 1553 990 libri
1593 954 1650 1002 Ψ,
1685 954 1770 992 nisi

131 1030 332 1069 conscius
364 1030 446 1068 sibi
479 1029 656 1078 fuisset,
690 1029 800 1068 talia
834 1029 926 1068 fore
959 1029 1210 1068 auditorum
1245 1038 1266 1066 e
1299 1029 1462 1067 mente.

189 1106 386 1145 Observa
419 1107 568 1145 autem
598 1106 811 1145 maiorem
839 1115 1008 1152 quoque
1036 1105 1216 1144 Aiacem
1249 1105 1368 1143 hisce
1386 1105 1430 1143 in
1449 1105 1767 1144 certaminibus

131 1181 302 1221 nullum
343 1181 514 1221 auferre
554 1182 800 1230 praemium
842 1182 1123 1230 primarium,
1164 1181 1339 1219 vincere
1372 1190 1472 1219 eum
1504 1191 1643 1228 neque
1674 1181 1769 1220 Dio-

131 1258 326 1307 medem,
355 1268 493 1305 neque
528 1257 723 1307 Ulixem,
759 1267 918 1307 neque,
953 1257 1065 1305 quod
1098 1256 1196 1306 plus
1223 1258 1310 1306 est,
1340 1256 1627 1305 Polypoetem
1646 1257 1768 1306 Lapi-

131 1334 270 1373 tham.
318 1333 520 1382 Quinimo
567 1335 750 1373 tertium
799 1344 969 1382 quoque
1017 1344 1039 1372 e
1086 1333 1246 1383 triade,
1296 1333 1512 1372 Teucrum
1557 1333 1600 1371 in
1643 1343 1771 1372 arcus

134 1410 376 1449 certamine
407 1410 577 1450 minore
609 1411 806 1459 praemio
838 1411 1045 1459 dignatur
1076 1411 1218 1459 poeta.

192 1487 447 1527 Fortuitone
494 1487 603 1525 haec
650 1487 831 1528 omnia?
888 1488 956 1525 An
1008 1487 1182 1534 ingrata
1242 1486 1465 1525 Minervae
1522 1486 1631 1524 trias
1688 1486 1771 1524 fuit

132 1563 316 1602 nostra?
358 1562 645 1602 Conferamus
687 1563 822 1602 alium
855 1563 1052 1612 heroem,
1088 1563 1161 1609 qui
1191 1563 1348 1601 iisdem
1381 1562 1426 1600 in
1459 1561 1774 1601 certaminibus

130 1638 241 1678 libro
294 1640 339 1676 Ψ
380 1639 613 1687 descriptis
661 1640 834 1687 praeter
872 1639 1063 1678 triadem
1105 1641 1306 1677 nostram
1349 1637 1536 1677 habetur
1567 1637 1770 1677 ludibrio.

130 1714 344 1754 Volumus
376 1715 556 1763 Epeum.
589 1714 738 1753 Vincit
771 1715 944 1762 quidem
980 1713 1219 1762 Euryalum
1247 1713 1465 1762 pugilatu,
1495 1715 1540 1752 at
1566 1714 1608 1752 id
1637 1715 1772 1752 certa-

133 1791 265 1830 minis
297 1801 436 1839 genus
468 1791 625 1829 victori
658 1800 745 1829 non
778 1790 864 1829 nisi
895 1791 1162 1829 mediocrem
1188 1792 1363 1839 poterat
1389 1790 1545 1829 afferre
1572 1790 1773 1838 gloriam.

132 1867 448 1916 Periculorum‚
497 1866 698 1906 dolorum
747 1866 1022 1905 acerbiorum
1067 1868 1136 1906 est
1177 1866 1371 1915 plenum.
1414 1866 1636 1915 Quaenam
1668 1868 1773 1905 sunt

131 1943 357 1992 praemia?
400 1942 540 1981 Mulus
581 1944 625 1981 et
662 1942 869 1991 poculum
901 1942 1021 1981 nullo
1055 1953 1183 1991 opere
1217 1943 1384 1982 caelato
1416 1942 1603 1991 insigne.
1638 1942 1770 1981 Hisce

131 2029 231 2058 cum
257 2019 466 2068 praemiis
494 2019 639 2058 confer
666 2018 761 2068 illa,
797 2028 907 2066 quae
939 2019 1230 2058 luctatoribus
1258 2017 1776 2068 proponunturzrqlnoda

136 2093 452 2145 δυωδεκάβοιον,
481 2097 656 2145 γυναῖκα
687 2093 988 2145 τεσσαράβοιον.
1020 2095 1216 2143 Apparet
1243 2096 1459 2142 quantum
1486 2105 1588 2143 prae
1617 2095 1774 2134 ceteris

133 2169 248 2208 ludis
288 2171 486 2209 sorderet
526 2171 762 2219 pugilatus,
796 2170 1089 2209 Barbarorum
1123 2170 1292 2209 scilicet
1325 2170 1556 2209 videbatur
1588 2171 1771 2210 oblecta-

135 2247 360 2294 mentum;
394 2247 534 2286 victor
566 2249 718 2286 autem
750 2246 979 2285 barbarus.

193 2322 300 2361 Ecce
343 2324 493 2361 autem
536 2323 589 2361 ad
633 2322 749 2361 aliud
791 2324 1016 2362 certamen
1049 2323 1192 2361 socios
1225 2324 1434 2371 provocat
1467 2323 1682 2372 AchilleS,
1718 2323 1771 2362 ad

135 2397 403 2448 ὃισκοβολίαν.
437 2398 629 2447 Surgunt
654 2398 916 2447 Polypoetes
943 2398 1147 2448 Lapitha,
1177 2399 1397 2437 Leonteus
1423 2398 1628 2447 Lapitha,
1658 2399 1769 2437 Aiax

133 2473 435 2523 Telamonius,
466 2474 620 2522 Epeus.
644 2474 793 2513 Victor
820 2475 968 2513 evadit
993 2474 1269 2523 Polypoetes.
1300 2475 1408 2523 Quid
1426 2476 1574 2514 autem
1592 2475 1767 2523 Epeus?

430 2547 554 2600 ἑξείης
586 2545 622 2588 δ’
645 2548 818 2600 ἵσταντο,
850 2549 970 2588 σόλον
1003 2546 1039 2588 δ’
1062 2547 1122 2588 ἕλε
1154 2550 1239 2596 δῖος
1268 2546 1445 2600 Ἐπειὸς,

429 2619 499 2674 ἧκε
532 2622 575 2663 δὲ
607 2624 786 2675 δινήσας·
815 2621 1005 2676 ’γέλασαν
1039 2621 1074 2664 δ’
1112 2623 1177 2664 ἐπὶ
1208 2625 1353 2672 πάντες
1384 2625 1552 2676 Ἀχαιοί..

192 2701 376 2740 Ridendi
408 2712 589 2740 causam
622 2711 709 2740 non
742 2701 908 2740 addidit
940 2703 1090 2751 poeta,
1123 2703 1169 2741 at
1201 2712 1309 2751 opus
1340 2712 1426 2741 non
1458 2703 1567 2741 erat.
1596 2701 1770 2740 Intelle-

133 2778 278 2826 gimus
320 2777 407 2816 δῖον
439 2778 566 2817 illum
598 2778 782 2826 Epeum,
818 2788 950 2824 quem
983 2788 1114 2827 supra
1147 2778 1434 2826 cognovimus
1467 2778 1627 2816 fuisse:
1666 2777 1767 2825 „the

133 2853 481 2901 representative
529 2853 576 2892 of
620 2853 747 2892 brute
790 2853 1024 2901 strength''
1068 2854 1223 2905 (Leaf),
1266 2854 1338 2901 qui
1372 2854 1568 2892 omnium
1602 2853 1770 2901 primus

132 2929 376 2977 arripuerat
408 2929 596 2978 discum,
632 2929 825 2967 motibus
858 2928 1127 2978 agrestibus,
1163 2929 1280 2967 iactu
1307 2929 1509 2967 indecoro
1537 2930 1581 2966 et
1608 2927 1770 2966 infelici

135 3003 331 3042 movisse
367 3004 615 3044 cachinnos.
