2141 3487
842 309 895 336 DE
928 309 1073 336 AIACE.
1695 296 1775 332 105

201 426 355 465 Narrat
384 424 510 463 nobis
544 422 750 470 Polybius
769 422 917 469 X11,5,
950 423 1076 460 haec:
1108 421 1376 469 „Locrenses
1406 419 1603 467 siaudiS,
1635 418 1782 456 omnia

143 503 218 541 illa
250 511 358 549 quae
391 500 441 538 de
474 499 621 537 Locris
653 497 957 546 Epizephyriis
989 497 1137 541 docuit
1171 495 1436 534 Aristoteles
1463 494 1606 541 magis
1632 503 1784 531 conve·

144 579 271 616 niunt
317 586 416 615 cum
464 575 571 624 11116,
607 584 715 622 quae
750 573 966 612 memoria
999 574 1152 611 tenent
1183 572 1280 620 ipsi,
1314 581 1445 619 quam
1478 580 1548 608 res
1579 568 1706 607 fictae
1738 569 1780 606 in

145 652 340 691 medium
368 650 566 699 prolatae
595 660 620 688 a
644 649 868 688 Timaeo’'.
898 649 1031 687 Addit
1054 648 1262 695 Polybius
1282 647 1556 695 argumenta.
1580 645 1780 693 „Locren-

143 738 216 767 ses
247 736 418 775 quoque
449 725 608 765 docent
644 724 775 762 πάντα
807 722 854 762 τὰ
887 723 954 762 διὰ
985 722 1198 774 προγόνων
1229 720 1375 768 ἔνδοξα
1407 717 1495 771 παρ’
1533 719 1669 765 αὐτοῖς
1703 717 1781 757 ἀπὸ

143 809 221 842 τῶν
252 807 458 852 γυναικῶν
490 800 564 839 οὐκ
596 798 675 839 ἀπὸ
706 805 784 838 τῶν
816 797 978 850 ἀνδρῶν
1011 793 1126 836 εἶναι.
1160 792 1247 836 οἷον
1276 795 1450 846 εὐθέως,
1476 794 1649 846 εὐγενεῖς
1672 794 1782 843 παρά

145 889 258 926 σφισι
283 876 520 927 νομίζεσθαι
545 874 638 921 τοὺς
670 873 749 913 ἀπὸ
783 880 862 912 τῶν
894 872 1035 912 ἑκατὸν
1068 873 1208 911 οἰκιῶν
1240 870 1520 923 λεγομένους.”
1557 870 1780 919 Quaenam

143 957 290 993 autem
325 955 502 992 centum
536 952 636 991 illae
670 952 776 990 sunt
807 950 1016 989 familiae.
1049 949 1332 998 Respondent
1364 948 1624 987 Locrenses:
1665 947 1783 994 »ταύ-

141 1044 210 1075 τας
255 1026 290 1067 δ’
338 1024 443 1067 εἶναι
484 1027 552 1075 τὰς
594 1026 736 1066 ἑκατὸν
779 1026 928 1074 οἰκίας,
964 1025 1032 1073 τὰς
1065 1025 1354 1077 προκριθείσας
1387 1023 1467 1062 ὑπὸ
1500 1028 1579 1061 τῶν
1611 1025 1784 1071 Λοκρῶν

145 1104 240 1155 πρὶν
273 1103 297 1155 ἢ
329 1104 402 1155 τὴν
434 1102 628 1142 ἀποικίαν
658 1102 853 1152 ἐξελθεῖν,
881 1101 918 1149 ἐξ
947 1097 1003 1141 ὧν
1021 1101 1181 1152 ἔμελλον
1211 1101 1251 1139 οἰ
1275 1098 1429 1151 Λοκροὶ
1455 1097 1554 1137 κατὰ
1581 1097 1649 1136 τὸν
1667 1109 1783 1149 χρησ-

144 1180 220 1231 μὸν
261 1184 439 1231 κληροῦν
481 1178 550 1226 τὰς
592 1176 974 1228 ἀποσταλησομένας
1011 1176 1244 1228 παρθένους
1288 1177 1341 1223 εἰς
1374 1174 1507 1214 Ἴλιον.
1545 1174 1699 1213 τούτων
1735 1173 1784 1223 ὁή

146 1273 256 1303 τινας
288 1263 367 1295 τῶν
398 1261 605 1307 γυναικῶν
638 1254 854 1306 συνεξᾶραι
885 1253 982 1304 μετὰ
1013 1259 1082 1304 τῆς
1116 1252 1324 1302 ἀποικιάς,
1350 1247 1406 1291 ὧν
1433 1251 1525 1297 τοὺς
1553 1248 1784 1302 ἀπογόνους

145 1332 199 1370 ἔτι
229 1337 303 1369 νῦν
332 1331 505 1382 εὐγενεῖς
535 1330 769 1380 νομίζεσθαι
796 1328 863 1368 καὶ
890 1332 1104 1368 καλεῖσθαι
1131 1329 1222 1375 τοὺς
1248 1327 1326 1367 ἀπὸ
1344 1335 1421 1366 τῶν
1440 1326 1579 1366 ἑκατὸν
1598 1325 1781 1364 οἶκιῶν”.

205 1407 390 1447 Centum
437 1408 570 1455 igitur
613 1407 694 1445 hae
725 1406 921 1444 familiae
955 1416 1058 1454 prae
1091 1405 1250 1444 ceteris
1287 1405 1483 1443 illustres
1516 1404 1638 1441 erant
1673 1401 1783 1449 apud

146 1485 386 1522 Locrenses
419 1483 676 1532 priusquam
708 1482 878 1520 colonia
909 1481 1221 1528 deducebatur;
1256 1490 1359 1519 nam
1394 1490 1448 1518 ex
1480 1478 1568 1517 illis
1600 1478 1785 1515 Locren-

145 1569 218 1597 ses
251 1558 477 1597 oraculum
513 1557 710 1597 obsecuti
738 1559 857 1595 sorte
884 1557 1089 1605 legebant
1117 1557 1328 1605 virgines,
1354 1566 1464 1602 quae
1483 1555 1613 1592 Ilium
1633 1554 1783 1591 essent

145 1636 402 1674 mittendae.
447 1634 579 1672 Hisce
621 1635 772 1672 autem
805 1643 827 1671 6
859 1633 1042 1671 familiis
1073 1633 1283 1671 mulieres
1313 1631 1526 1679 quaedam
1562 1639 1661 1667 cum
1694 1637 1781 1666 ma-

143 1711 240 1749 ritis
287 1711 332 1748 in
381 1710 596 1749 coloniam
645 1709 862 1758 profectae
911 1710 1054 1758 erant,
1105 1709 1168 1746 ita
1214 1710 1262 1746 ut
1309 1707 1367 1746 ibi
1415 1715 1585 1754 quoque
1632 1714 1780 1743 earum

141 1796 331 1835 propago
374 1786 533 1825 nobilis
577 1786 810 1824 haberetur
845 1786 887 1827 et
919 1785 1050 1833 vulgo
1081 1785 1384 1823 indicarentur
1416 1783 1596 1821 nomine
1632 1780 1731 1829 „qui
1764 1790 1785 1817 e

141 1863 320 1900 centum
353 1861 533 1899 familiis
566 1861 738 1900 oriundi
771 1861 918 1899 sunt”.

203 1936 465 1975 Affirmabat
512 1937 647 1984 igitur
694 1936 959 1974 Aristoteles
1007 1937 1049 1974 in
1106 1935 1498 1984 Epizephyriorum
1547 1931 1786 1980 Republica

140 2013 229 2050 iam
262 2015 364 2051 ante
397 2012 616 2051 coloniam
648 2012 886 2050 Locrorum
916 2011 959 2049 in
988 2011 1191 2059 Magnam
1222 2010 1448 2049 Graeciam
1478 2009 1778 2048 deductam——

142 2087 255 2135 quod
296 2087 421 2126 initio
464 2087 629 2126 saeculi
672 2087 818 2126 octavi
859 2087 1025 2125 factum
1061 2097 1158 2124 esse
1189 2087 1362 2124 videtur
1400 2085 1678 2132 -·virgines
1711 2082 1778 2121 ali-

141 2163 247 2209 quot
301 2164 420 2201 sorte
478 2163 632 2201 ductas
681 2172 735 2200 ex
783 2163 878 2210 ipsa
924 2162 1106 2200 Locride
1153 2162 1287 2200 certis
1333 2160 1607 2209 temporibus
1653 2158 1782 2196 Ilium

143 2237 308 2275 missas
341 2247 450 2276 esse.

203 2312 448 2361 Quemnam
481 2313 533 2351 ad
564 2311 697 2350 finem
730 2312 1053 2351 mittebantur?

201 2388 345 2427 Habet
376 2389 641 2427 Plutarchus
674 2388 783 2426 haec
815 2388 890 2433 (De
923 2398 1024 2427 sera
1050 2398 1173 2427 num.
1201 2388 1318 2426 vind.
1347 2389 1430 2426 557
1449 2387 1522 2432 D):
1561 2386 1635 2436 „01⁷2
1659 2387 1782 2431 πολύς

144 2464 285 2515 χρόνος
318 2460 384 2512 ἀφ’
422 2458 469 2501 οὗ
505 2461 659 2513 Λοκροὶ
692 2461 913 2512 πέμποντες
941 2462 995 2509 εἰς
1025 2463 1173 2514 Τροίαν
1201 2462 1428 2501 πέπαυνται
1456 2461 1523 2508 τὰς
1551 2460 1784 2513 παρθένους

380 2539 423 2576 αἳ
453 2537 520 2575 καὶ
554 2536 829 2588 ἀναμπέχονοι
860 2541 1028 2589 γυμνοῖς
1059 2536 1199 2588 ποσὶν,
1230 2536 1324 2588 ἠύτε
1357 2538 1521 2587 δοῦλαι,

378 2612 490 2664 ἠοῖαι
523 2612 737 2663 σαίρεσκον
770 2613 989 2663 Ἀθηναίης
1021 2611 1111 2664 περὶ
1143 2612 1280 2664 βωμὸν

377 2688 503 2737 νόσφι
535 2686 778 2739 κρηδέμνοιο
810 2686 877 2725 καὶ
911 2688 945 2726 εἰ
974 2687 1080 2740 βαρὺ
1112 2694 1237 2740 γῆρας
1270 2688 1403 2727 ἱκάνοι

142 2763 208 2801 διὰ
239 2762 312 2813 τὴν
346 2763 520 2810 Αἴαντος
552 2761 815 2802 ἁκολασίαν”.

200 2839 430 2879 Velamine
474 2840 666 2878 nudatae
708 2839 838 2877 nudis
880 2839 1066 2887 pedibus
1105 2849 1334 2878 servarum
1380 2839 1432 2877 ad
1473 2839 1615 2876 instar
1646 2839 1787 2886 primo

142 2924 270 2953 mane
314 2915 460 2953 solum
506 2915 670 2953 circum
713 2914 932 2952 Minervae
970 2924 1091 2952 aram
1119 2914 1377 2961 verrebant;
1412 2913 1475 2951 sic
1509 2913 1560 2950 ad
1593 2912 1784 2950 senectu-

140 2990 231 3027 tem
273 2990 604 3038 perveniebant.
650 2989 939 3039 Άναμπέχονοι
983 2987 1049 3026 καὶ
1091 2992 1376 3039 μονοχίτωνες,
1416 2991 1464 3026 ut
1497 2987 1661 3026 amicta
1693 2988 1787 3024 erat
