2200 3487
433 329 455 365 [Φ

461 330 486 366 0

492 329 514 365 N.)

908 341 961 367 DE
994 340 1280 368 EUGAMMONIS
1313 340 1568 369 TELEGONIA.

901 449 991 492 οὔθ’
1026 453 1144 491 ἱστῶν
1176 454 1455 503 παλιμβάμους
1487 453 1682 504 ἐφίλησαν
1715 453 1860 503 ὅδούς,”

667 528 755 568 οὔτε
788 528 963 567 δείπνων
992 528 1171 579 οἰκοριᾶν
1203 524 1290 578 μεθ’
1326 527 1486 579 ἑταιρᾶν
1518 528 1701 581 τέρψιας,

726 603 810 642 ἀλλ”
840 602 1070 643 ἀκόντεσσίν
1103 619 1141 643 τε
1173 603 1350 655 χαλκέοις

667 679 860 734 φασγάνῳ
892 694 930 717 τε
961 680 1213 729 μαρνάμεναι
1244 680 1425 729 κεράϊζον
1457 679 1620 732 ἀγρίους
1651 684 1783 732 θῆρας

428 756 797 804 quemadmodum
832 766 938 794 vasa
971 755 1223 804 Cyrenaica,
1260 767 1294 794 e.
1329 766 1367 803 g.
1401 757 1551 804 patera
1576 756 1651 795 illa
1677 757 1897 796 Arcesilae
1923 766 2053 803 quam

428 831 682 869 Welckerus
714 831 767 869 ob
799 831 1069 879 singularem
1102 832 1299 880 picturae
1326 831 1616 870 festivitatem
1649 842 1723 879 pro
1759 832 2057 881 „caricatura”

428 906 633 955 habebat,
691 916 846 954 graeca
902 908 1163 954 argumenta
1209 906 1365 954 libycis
1412 907 1555 945 mixta
1600 907 1827 955 praebent,
1876 908 1939 946 sic
1985 917 2056 946 ars

427 982 596 1030 poetica
636 982 694 1020 ibi
736 992 821 1020 non
863 983 1057 1021 sinceros
1088 982 1268 1030 protulit
1298 983 1483 1031 fructus,
1519 983 1594 1021 sed
1627 983 1807 1022 mioetum
1840 983 2056 1029 quoddam

427 1067 582 1106 genus,
625 1059 715 1095 tam
759 1058 986 1096 Graeciam
1029 1068 1160 1105 quam
1202 1058 1451 1106 Aegyptum
1494 1058 1682 1106 sapiens.
1724 1058 1865 1096 Huius
1907 1059 2053 1096 autem

429 1133 586 1181 speciei
630 1133 881 1181 exemplum
923 1133 1050 1172 offert
1092 1133 1405 1178 Eugammonis
1446 1133 1698 1182 Telegonia,
1739 1144 1913 1172 carmen
1947 1135 2058 1181 quod

426 1210 518 1248 iure
551 1208 758 1257 Cyrenaei
791 1209 933 1247 cultus
964 1208 1201 1257 imaginem
1236 1219 1378 1247 voces.

489 1284 687 1322 Similem
721 1284 1017 1322 narrationem
1052 1284 1102 1322 de
1136 1284 1271 1322 vafris
1298 1284 1465 1322 furibus
1492 1294 1638 1332 regem
1667 1285 1920 1332 opulentum
1948 1285 2054 1323 deci-

429 1359 648 1408 pientibus
681 1360 724 1397 in
758 1361 956 1407 Aegypto
994 1369 1162 1406 quoque
1193 1360 1434 1408 exstitisse,
1468 1360 1569 1406 quid
1601 1361 1755 1398 vetat?
1788 1360 1990 1399 Fortasse
2013 1360 2056 1398 id

430 1436 575 1483 ipsum
617 1437 791 1483 poetam
835 1434 1105 1482 Cyrenaeum
1146 1435 1365 1483 incitavit,
1401 1437 1448 1473 ut
1479 1436 1667 1483 priscam
1700 1435 1904 1474 fabellam
1937 1445 2054 1483 grae-

433 1520 528 1548 cam
581 1511 804 1549 tractaret.
853 1510 963 1548 Sunt
1007 1510 1201 1559 quidem,
1251 1511 1323 1558 qui
1369 1512 1525 1559 putent
1571 1511 1764 1550 fabulam
1813 1513 1883 1549 via
1931 1521 2056 1549 versa

433 1597 487 1624 ex
520 1587 717 1635 Aegypto
749 1588 791 1624 in
826 1587 1051 1626 Graeciam
1086 1597 1183 1625 esse
1215 1587 1404 1635 illatam,
1438 1589 1544 1635 puta
1576 1587 1627 1625 ab
1660 1587 1977 1635 Eugammone,
2013 1588 2058 1625 et

432 1662 623 1710 primum
665 1662 836 1710 quidem
881 1673 977 1701 eam
1020 1664 1293 1701 coniunctam
1339 1673 1436 1702 esse
1473 1673 1571 1702 cum
1603 1664 1743 1711 Augia
1774 1663 1926 1702 deinde
1957 1672 2056 1701 cum

433 1737 611 1785 Hyrieo,
661 1739 736 1777 sed
782 1739 894 1786 quod
940 1740 983 1777 in
1030 1739 1187 1777 fabella
1234 1739 1488 1786 aegyptiaca
1535 1749 1682 1778 merus
1725 1739 1895 1777 videtur
1937 1738 2058 1777 iocus

433 1814 651 1861 popularis
693 1814 733 1852 id
772 1816 813 1852 in
848 1815 1096 1853 narratione
1128 1824 1283 1862 graeca
1315 1814 1515 1852 altiorem
1548 1815 1690 1862 prodit
1721 1824 1915 1853 sensum.
1947 1814 2057 1851 Nam

431 1889 719 1938 Trophonius,
757 1890 827 1937 qui
863 1890 1011 1937 Hyriei
1043 1890 1157 1937 regis
1184 1899 1338 1937 gazam
1366 1890 1637 1928 reconditam
1666 1890 1707 1928 in
1736 1890 1878 1929 lucem
1905 1890 2062 1945 trahit,

432 1965 538 2003 deus
567 1966 652 2013 est,
682 1966 753 2012 qui
781 1966 980 2013 agricolis
1008 1965 1196 2003 fertilem
1224 1965 1417 2013 pluviam
1445 1965 1784 2013 implorantibus
1810 1966 1886 2004 illa
1903 1969 2060 2005 cuncta

431 2041 630 2088 recludit,
683 2052 792 2088 quae
843 2041 1062 2088 Dionysus
1109 2041 1270 2088 Hyriae
1317 2051 1480 2079 numen
1523 2041 1790 2080 ditissimum
1834 2044 1976 2081 terrae
2016 2043 2057 2080 in

433 2117 599 2164 gremio
642 2117 890 2154 hominibus
932 2119 1190 2155 coacervata
1231 2118 1394 2154 servat.
1434 2116 1607 2155 Imbuta
1639 2119 1707 2155 est
1738 2117 1882 2156 fabula
1908 2128 2063 2166 graeca

432 2192 520 2230 illis
553 2191 783 2239 coloribus,
820 2192 892 2239 qui
923 2191 1093 2239 fulgent
1124 2192 1167 2229 in
1195 2192 1331 2229 sacris
1359 2192 1554 2230 historiis
1581 2195 1827 2240 temporum
1857 2192 2064 2240 antiquis-

433 2270 660 2307 simorum.

495 2344 612 2393 Quod
656 2354 755 2382 vero
789 2344 841 2382 ad
873 2342 1003 2382 finem
1038 2343 1298 2390 Telegoniae
1330 2344 1486 2392 prioris
1518 2344 1655 2391 partis
1686 2344 1862 2391 attinet,
1898 2345 2067 2381 cratera

437 2422 612 2468 accepta
642 2419 820 2458 Ulixem
853 2420 1037 2457 rediisse
1068 2421 1112 2458 in
1138 2420 1345 2468 patriam,
1381 2422 1426 2457 ut
1459 2418 1671 2457 sacrificia
1703 2429 1727 2457 a
1754 2418 1919 2457 Tiresia
1946 2428 2062 2456 man·

437 2496 538 2533 data
570 2495 772 2533 omnibus
804 2495 1022 2534 coelicolis
1049 2495 1239 2543 offerret,
1269 2505 1414 2533 nonne
1441 2505 1538 2533 cum
1568 2494 1761 2532 Svorono
1788 2494 1887 2532 inde
1914 2492 2065 2533 efficie-

438 2581 537 2608 mus
570 2570 745 2608 Ulixem
778 2571 820 2608 in
855 2571 1040 2609 Arcadia
1075 2570 1140 2608 vel
1173 2571 1216 2608 in
1244 2570 1381 2618 Elide,
1413 2571 1526 2608 certe
1554 2570 1596 2607 in
1626 2569 1920 2618 Peloponneso
1946 2569 2062 2607 inve-

436 2647 553 2684 nisse
586 2646 809 2684 hominem
843 2646 967 2684 illum
1001 2655 1146 2684 rerum
1179 2646 1500 2684 maritimarum
1528 2646 1655 2693 plane
1681 2645 1910 2693 ignarum?
1937 2644 2063 2682 Haud

437 2721 584 2768 dubie;
628 2722 910 2769 inspiciamus
952 2723 1080 2760 modo
1123 2731 1231 2768 quae
1273 2722 1544 2769 Eugammon
1578 2722 1620 2758 in
1653 2722 1774 2769 parte
1806 2720 1944 2758 altera
1976 2729 2061 2758 car—

438 2798 568 2835 minis
601 2798 669 2835 sui
701 2798 909 2837 narravit.
943 2798 1132 2836 Vocatur
1165 2797 1272 2836 haec
1304 2807 1405 2845 pars
1440 2796 1763 2844 „Thesprotis”,
1793 2805 1890 2833 cum
1918 2794 2064 2833 Ulixis

435 2873 518 2910 iter
554 2873 595 2910 in
629 2872 932 2920 Thesprotiam
966 2873 1200 2911 contineat.
1235 2872 1324 2921 Quo
1352 2873 1403 2910 de
1430 2872 1538 2910 libro
1566 2873 1726 2910 mirum
1754 2871 2062 2909 testimonium

437 2949 688 2987 invenimus
744 2949 855 2997 apud
910 2947 1180 2987 Clementem
1229 2948 1573 2986 Alexandrinum
1624 2947 1783 2985 Strom.
1831 2947 1905 2995 Vl,
1957 2947 2061 2985 751:

444 3022 704 3074 „Esr'syoimawv
745 3021 765 3061 ὁ
812 3026 1040 3073 Κυρηναῖος
1078 3021 1118 3061 ἐκ
1158 3023 1374 3061 Μουσαίου
1416 3021 1457 3060 τὸ
1499 3021 1587 3072 περὶ
1632 3022 1875 3072 Θεσπρωτῶν
1907 3021 2064 3072 βιβλίον
