2141 3487
245 851 376 918 DE
426 853 1111 923 EUGAMMoNis
1156 852 1659 928 CYRENAEI

555 1036 1342 1126 TELEGONlA.

191 1420 496 1469 Rampsinitus
544 1431 622 1460 rex
670 1422 857 1470 Aegypti
905 1432 1005 1460 cum
1047 1424 1197 1460 tantas
1240 1422 1417 1460 divitias
1460 1423 1765 1460 coacervasset

133 1499 320 1541 quantae
358 1496 468 1534 nulli
499 1500 598 1544 post
631 1507 731 1534 eum
764 1497 1040 1544 contigerunt
1071 1497 1271 1546 principi,
1306 1499 1354 1534 ut
1385 1497 1609 1544 ingentem
1641 1495 1761 1533 illam

133 1570 222 1608 vim
266 1571 436 1618 argenti
478 1573 620 1609 tutam
664 1582 687 1609 a
724 1572 1016 1619 praedonibus
1049 1574 1263 1620 servaret,
1300 1571 1453 1610 cellam
1490 1570 1707 1619 lapideam
1742 1580 1767 1607 a

131 1645 270 1693 perito
303 1646 542 1685 architecto
575 1646 791 1685 aedificari
824 1647 1007 1685 curavit.
1040 1646 1122 1685 Hic
1149 1649 1297 1685 autem
1328 1646 1446 1685 vafer
1475 1647 1605 1684 homo
1632 1647 1766 1694 parie-

131 1723 222 1758 tem
257 1725 488 1759 externum
522 1722 583 1760 ita
614 1722 854 1770 exstruxit,
885 1729 932 1760 ut
959 1732 1073 1760 unus
1099 1722 1212 1770 lapis
1239 1722 1364 1760 facile
1393 1721 1567 1759 extrahi
1594 1722 1763 1770 posset,

128 1806 211 1842 quo
239 1800 408 1835 remoto
434 1797 644 1835 introitus
671 1798 975 1835 clandestinus
1003 1798 1046 1835 in
1074 1798 1332 1836 thesaurum
1360 1796 1555 1844 regalem
1581 1797 1767 1844 pateret.

128 1869 236 1909 Cum
277 1872 321 1909 in
363 1883 412 1911 eo
456 1874 575 1911 esset
618 1874 666 1911 ut
710 1875 968 1921 moreretur,
1007 1873 1175 1911 duobus
1207 1871 1308 1910 filiis
1341 1873 1509 1910 aditum
1543 1873 1764 1910 secretum

130 1947 359 1996 indicavit,
415 1958 498 1995 quo
552 1948 789 1996 prudenter
841 1950 909 1986 usi
962 1948 1174 1995 reliquam
1229 1948 1363 1985 vitam
1414 1947 1531 1985 curis
1578 1956 1763 1984 vacuam

129 2021 353 2070 degerent,
399 2023 555 2071 quippe
596 2023 669 2070 qui
711 2026 861 2061 essent
902 2023 1036 2072 ταμίαι
1077 2028 1155 2060 τῶν
1196 2021 1386 2073 βασιλέως
1419 2021 1639 2071 χρημάτων.
1670 2021 1764 2059 Rex

131 2106 253 2146 vero,
298 2108 397 2136 cum
431 2098 610 2136 cottidie
643 2108 745 2144 opes
777 2108 881 2136 suas
912 2099 1117 2137 imminui
1148 2098 1315 2136 videret
1347 2100 1390 2135 et
1426 2096 1642 2144 quomodo
1674 2106 1763 2134 sur·

129 2172 213 2220 ripi
254 2176 436 2220 possent
477 2174 726 2221 miraretur,
761 2174 1003 2221 decipulam
1036 2174 1199 2222 posuit,
1235 2183 1320 2220 qua
1352 2182 1457 2210 mox
1491 2171 1601 2210 alter
1632 2171 1767 2209 frater

131 2247 288 2286 haesit.
334 2247 411 2296 Qui
454 2258 553 2286 cum
587 2248 794 2296 expedire
826 2259 873 2287 se
904 2250 1122 2297 nequiret,
1158 2249 1340 2286 fratrem
1373 2248 1503 2295 caput
1532 2247 1615 2284 sibi
1647 2256 1750 2294 prae

131 2321 274 2360 cidere
306 2324 452 2371 iussit,
488 2333 541 2374 ne
573 2324 665 2370 ipse
697 2325 1008 2370 agnosceretur
1034 2324 1245 2370 illumque
1273 2323 1408 2361 simul
1432 2323 1644 2370 perderet.
1676 2321 1764 2369 Quo

132 2396 251 2434 tristi
297 2397 435 2436 officio
483 2398 663 2436 functus
710 2398 842 2436 frater
890 2399 1060 2446 aufugit
1107 2401 1239 2446 caput
1285 2400 1567 2446 amputatum
1614 2406 1765 2435 secum

130 2474 328 2520 portans.
378 2473 531 2512 Cetera
579 2473 707 2511 huius
754 2474 964 2512 historiae
1006 2474 1059 2512 ab
1101 2474 1321 2512 Herodoto
1364 2473 1437 2521 (II,
1486 2473 1582 2517 121)
1626 2471 1765 2520 lepide

131 2550 333 2587 narratae
369 2559 468 2587 cum
501 2548 647 2587 minus
680 2549 732 2586 ad
766 2559 859 2587 rem
894 2560 1041 2587 meam
1072 2549 1237 2587 faciant
1267 2549 1417 2597 mitto,
1452 2548 1605 2596 paucis
1637 2546 1766 2584 modo

131 2622 277 2661 verbis
319 2624 370 2662 de
413 2624 683 2662 narrationis
724 2622 809 2662 fine
852 2625 1035 2662 adiectis
1049 2636 1058 2672 ;
1099 2634 1255 2672 nempe
1288 2634 1435 2671 regem
1469 2622 1604 2660 filiam
1638 2631 1765 2659 suam

132 2707 317 2736 uxorem
351 2699 522 2737 dedisse
555 2699 658 2747 furi,
692 2690 789 2747 qui,
813 2709 912 2737 cum
939 2699 1144 2747 Aegyptii
1172 2703 1340 2737 ceteros
1367 2698 1578 2736 mortales
1603 2697 1767 2734 astutia

130 2779 410 2822 superarent,
444 2774 765 2822 Aegyptiorum
798 2774 996 2812 omnium
1031 2774 1293 2812 vaferrimus
1326 2776 1443 2812 esset
1474 2775 1688 2820 repertus.

192 2849 361 2888 Similis
403 2850 595 2888 narratio
638 2849 858 2888 invenitur
900 2850 1012 2897 apud
1043 2849 1310 2888 Pausaniam
1345 2849 1440 2897 (IX,
1475 2849 1544 2896 37,
1580 2849 1605 2884 4
1639 2849 1765 2894 sqq.)‚

130 2924 203 2970 qui
245 2922 495 2973 Callippum
538 2924 877 2962 Orchomenium
921 2927 1143 2962 auctorem
1187 2924 1385 2963 adhibuit
1417 2924 1656 2961 secundum
1688 2921 1766 2959 Ro-

129 2998 304 3038 bertum
344 2997 657 3052 (commentat.
693 2999 896 3037 Momms.
935 3000 1046 3043 145).
1079 3000 1286 3047 Legimus
1319 3002 1435 3038 euim
1469 2999 1763 3048 Trophonium
