2141 3487
795 312 848 339 DE
881 310 1079 338 CARNEIS.
1667 301 1747 337 165

117 431 335 476 carentur,
385 431 491 466 nata
538 428 640 465 sunt
687 426 868 464 nomina
915 423 1200 473 appellativa,
1250 432 1359 469 quae
1408 432 1507 460 cum
1556 432 1660 460 mox
1708 423 1749 459 in

122 504 296 551 propria
324 503 552 549 abiissent,
584 503 716 540 etiam
747 500 930 549 propriis
957 499 1046 537 illis
1068 498 1315 547 promiscue
1334 498 1399 535 usi
1417 497 1753 535 sunthomincs.

121 577 321 626 Quinimo
365 579 533 617 Lunam
576 577 736 616 Terrae
778 575 913 614 filiam
957 574 1193 619 faciebant,
1235 577 1282 610 ut
1315 572 1560 620 Aeschylus
1593 570 1752 621 ἐποίησε

113 649 292 701 ’Ἄρτεμιν
324 648 425 690 εἶναι
458 651 661 704 θυγατέρα
695 652 906 701 Δήμητρος
941 648 983 694 1).

181 727 332 766 Celsae
375 729 475 767 huic
517 728 622 767 deae
665 728 706 765 in
751 727 967 765 montium
1019 724 1321 763 cacuminibus
1362 724 1488 762 sedes
1530 722 1760 761 struebant

121 804 343 843 mortales.
388 804 611 842 Thronum
645 814 680 841 e.
710 814 750 850 g.
785 801 955 840 duabus
989 802 1257 839 instructum
1292 799 1472 837 senibus
1506 799 1546 836 in
1581 798 1762 837 Clialces

119 878 289 917 insulae
339 879 498 917 vertice
548 879 718 916 invenit
763 877 958 915 Hillerus
991 873 1044 922 2);
1095 876 1189 913 erat
1231 874 1473 922 dedicatus,
1516 876 1564 912 ut
1611 876 1761 911 monet

120 954 363 1002 inscriptio,
410 955 501 992 lovi
546 958 583 991 et
632 954 840 992 Hecatae.
885 952 1108 989 Thronum
1153 949 1290 988 simili
1333 949 1460 987 modo
1502 949 1545 986 in
1579 948 1760 996 rupibus

118 1029 399 1077 exsculptum
441 1030 516 1067 sed
562 1029 635 1067 uni
678 1028 872 1066 Hecatae
914 1027 1164 1064 dedicatum
1208 1025 1322 1063 idem
1366 1025 1556 1073 repperit
1598 1024 1639 1060 in
1675 1023 1758 1061 cul-

121 1104 238 1143 mine
280 1104 431 1143 Rhodi.
470 1104 531 1143 De
563 1104 720 1151 quibus
753 1103 923 1140 thronis
956 1101 1164 1140 audacius
1197 1101 1298 1138 licet
1332 1101 1466 1148 egerit
1500 1099 1675 1138 Reichel
1711 1096 1758 1146 ὅ),

121 1189 300 1228 prorsus
333 1182 525 1219 tacerem
560 1190 700 1226 neque
734 1178 901 1216 Therae
939 1187 1112 1224 quoque
1144 1176 1392 1223 conplures
1425 1176 1632 1213 inventos
1666 1184 1762 1212 esse

120 1255 356 1304 referrem,
400 1255 485 1294 nisi
518 1255 713 1293 Wolters
734 1251 765 1298 4)
809 1254 1025 1292 docuisset
1058 1263 1189 1300 prope
1221 1251 1417 1299 templum
1458 1250 1612 1288 Carmei
1644 1249 1763 1297 Apol-

123 1331 220 1369 linis
263 1342 286 1369 a
329 1331 484 1369 Weilio
533 1331 700 1368 Therae
748 1330 790 1367 in
834 1329 979 1367 insula
1020 1330 1262 1376 repertum,
1298 1327 1513 1374 plurimas
1546 1326 1761 1363 eiusmodi

124 1407 249 1445 sedes
276 1408 319 1445 in
347 1407 529 1455 rupibus
558 1408 733 1445 excisas
761 1405 984 1443 invenisse
1011 1403 1325 1451 exploratores.
1357 1402 1435 1451 Qui
1465 1412 1567 1440 vero
1590 1403 1761 1449 reputat

126 1481 321 1520 Hecaten
367 1482 509 1530 illam,
560 1483 627 1520 cui
675 1491 842 1520 summo
885 1481 928 1518 in
972 1482 1120 1518 nion'te
1163 1479 1274 1518 solia
1306 1479 1593 1525 struerentur,
1627 1478 1762 1515 fuisse

126 1557 252 1595 deam
300 1557 517 1606 lunarem,
568 1558 673 1595 haec
718 1559 865 1595 autem
910 1556 1022 1594 solia
1064 1555 1241 1602 reperiri
1274 1555 1315 1592 in
1350 1554 1495 1591 insula
1527 1552 1599 1591 ubi
1631 1562 1761 1599 quam

128 1632 322 1671 maxime
364 1633 531 1680 vigeret
569 1632 726 1672 Carnei
760 1633 923 1679 cultus,
968 1632 1005 1668 is
1040 1640 1212 1668 mecum
1247 1630 1433 1667 fortasse
1467 1627 1764 1676 suspicabitur

125 1708 177 1744 ab
216 1707 323 1755 ipsis
367 1707 521 1746 Carnei
563 1708 806 1746 cultoribus
845 1707 972 1745 sedes
1005 1706 1084 1744 has
1117 1705 1330 1743 sublimes
1363 1714 1458 1742 esse
1493 1705 1763 1751 exstructas,

126 1783 197 1821 ubi
230 1783 386 1821 ovibus
419 1784 625 1821 mactatis
659 1783 884 1831 placarent
916 1792 1078 1820 numen
1108 1781 1303 1819 divinum
1334 1780 1521 1818 simulac
1550 1780 1601 1816 ad
1630 1777 1761 1826 ἀκμήν

123 1868 251 1896 suam
285 1860 574 1906 pervenisset.
609 1860 720 1898 Nam
753 1859 835 1897 hoc
867 1863 1066 1906 tempore
1099 1856 1360 1895 mortalibus

600 1933 752 1984 τέκμωρ
783 1932 851 1972 καὶ
882 1939 988 1983 σῆμα
1020 1932 1206 1971 τέτυκται.

127 2009 242 2048 Cave
290 2021 392 2049 vero
438 2013 566 2059 putes
613 2012 719 2049 haec
767 2009 982 2048 sacrificia
1024 2019 1100 2057 pro
1142 2008 1259 2046 veris
1301 2007 1452 2045 diebus
1493 2007 1622 2044 festis
1655 2008 1760 2043 tunc

125 2085 262 2124 fuisse
305 2087 530 2134 temporis.
575 2087 712 2124 Pecus
754 2086 890 2132 enim,
934 2095 1032 2123 cum
1066 2083 1185 2121 nullo
1219 2083 1286 2121 die
1319 2083 1445 2120 edere
1478 2082 1763 2120 obliviscatur

127 2161 390 2209 cottidieque
433 2163 474 2199 in
519 2172 681 2209 pascua
718 2161 842 2199 educi
877 2160 999 2206 velit,
1035 2161 1180 2197 aetate
1213 2158 1449 2206 pastoricia
1481 2158 1581 2204 quin
1616 2160 1759 2195 totum

128 2237 244 2275 diem
293 2237 344 2275 ab
393 2247 519 2284 opere
567 2238 697 2275 solito
745 2238 972 2274 cessarent
1020 2236 1222 2273 homines
1271 2236 1452 2272 strenuo
1497 2231 1761 2281 impediebat

130 2312 290 2351 balatu.
333 2312 479 2360 Neque
523 2323 631 2360 opus
674 2312 920 2360 pastoribus
956 2311 1040 2349 fuit
1073 2313 1272 2358 tempore
1305 2310 1500 2357 longiore
1529 2317 1612 2355 quo
1646 2308 1763 2345 vires

128 2389 273 2435 quiete
305 2387 531 2426 reficerent
563 2389 825 2435 exhaustas,
861 2388 1011 2435 utpote
1044 2387 1116 2433 qui
1149 2386 1288 2423 vitam
1316 2385 1499 2422 minime
1527 2383 1760 2421 molestam

131 2466 173 2503 et
204 2475 230 2503 a
261 2465 420 2503 virium
465 2464 741 2503 contentione
784 2464 971 2501 alienam
1019 2471 1145 2509 agere
1190 2461 1394 2499 solerent.
1430 2459 1765 2507 Siniplicissimo

131 2541 264 2589 igitur
311 2541 439 2579 modo
488 2540 688 2578 colebant
730 2540 833 2578 deos
876 2541 919 2577 et
961 2540 1076 2576 inter
1120 2547 1195 2575 eos
1229 2537 1375 2584 operis
1407 2536 1474 2573 sui
1509 2538 1764 2583 patronum,

131 2617 205 2663 qui
237 2616 391 2655 Carnei
424 2616 493 2654 dei
525 2616 704 2653 nomine
738 2624 823 2652 non
858 2614 1030 2661 exiguis
1062 2610 1289 2650 sacrificiis
1316 2611 1540 2649 fruebatur
1567 2611 1609 2647 et
1634 2609 1762 2646 hono-

131 2693 262 2730 ribus.
295 2692 536 2730 Videamus
570 2691 666 2737 quis
698 2690 772 2728 ille
798 2689 929 2727 fuerit
956 2692 998 2727 et
1026 2699 1109 2735 quo
1139 2688 1266 2726 modo
1295 2697 1393 2725 cum
1424 2687 1544 2724 Luna
1563 2684 1767 2731 coniungi

134 2767 337 2816 potuerit.

183 2955 205 2989 ¹)
231 2956 357 2985 Herod.
383 2956 428 2994 ΙΙ,
454 2957 507 2985 56.
732 2952 758 2990 ²)
789 2953 887 2983 Arch.
914 2950 1003 2981 Mitt.
1029 2951 1136 2986 XVII,
1162 2952 1191 2979 3.

182 3014 207 3056 3)
230 3017 343 3047 Ueber
367 3016 556 3046 vorhellen.
583 3015 800 3046 Gotterculte
826 3022 857 3050 p.
884 3014 935 3042 30.
1072 3008 1098 3047 4)
1123 3010 1200 3039 Ath.
1226 3011 1314 3039 Mitt.
1341 3010 1436 3038 1896.
1464 3017 1495 3046 p.
1523 3008 1586 3037 252
1611 3015 1686 3044 sqq.
