2141 3487
819 313 872 340 Dr:
905 313 1102 340 CARnffls.
1690 302 1768 340 155

935 590 987 628 ΙΙ.

203 766 451 805 Demetrius
498 767 720 815 Scepsius,
771 765 953 804 alterius
1005 774 1043 803 a.
1094 763 1136 802 C.
1185 774 1226 804 n.
1275 761 1440 800 saeculi
1486 760 1685 808 scriptor,
1728 758 1778 795 de

143 843 300 882 Carnei
327 842 480 881 diebus
511 843 638 881 festis
668 842 849 881 tradidit
879 841 985 879 haec
1007 836 1057 885 ¹):

206 918 303 968 ητὴν
335 925 412 957 τῶν
444 919 651 969 Καρνείων
678 917 818 967 ἑορτὴν
848 916 955 966 παρὰ
983 915 1324 964 Λακεδαιμονίοις
1352 914 1507 963 μίμημα
1535 907 1638 949 εἶναι
1665 921 1778 958 στρα-

142 1000 322 1044 τιωτικῆς
365 993 535 1046 ἀγωγῆς.
580 993 728 1040 τόπους
761 992 835 1045 γὰρ
869 988 972 1031 εἶναι
1000 990 1116 1030 ἐννέα
1149 988 1220 1041 μὲν
1253 997 1303 1044 τῷ
1337 988 1510 1042 ἀριθμῷ·
1545 985 1704 1030 σκιάδες
1738 980 1780 1021 δὲ

144 1065 254 1109 οὗτοι
301 1073 538 1118 καλοῦνται,
586 1072 751 1119 σκηναῖς
797 1068 950 1119 ἔχοντες
996 1066 1275 1118 παραπλήσιόν
1322 1076 1367 1103 τι·
1415 1062 1482 1102 καὶ
1529 1060 1644 1101 ἐννέα
1685 1055 1774 1098 καθ’

143 1144 309 1184 ἕκαστον
357 1144 500 1196 ἄνδρες
549 1146 777 1194 δειπνοῦσι,
818 1144 949 1182 πάντα
991 1158 1030 1182 τε
1071 1142 1151 1182 ἀπὸ
1193 1141 1493 1193 προστάγματος
1532 1138 1780 1189 κηρύσσεται·

141 1221 217 1273 ἔχει
264 1220 306 1260 δὲ
353 1221 496 1273 ἑκάστη
544 1221 657 1269 σκιὰς
704 1221 899 1272 φρατρίας
942 1223 1060 1271 τρεῖς,
1102 1218 1168 1257 καὶ
1208 1218 1359 1269 γίνεται
1402 1213 1539 1266 ἡτῶν
1571 1212 1781 1263 Καρνείων

144 1296 257 1347 ἑορτὴ
291 1296 353 1335 ἐπὶ
385 1295 533 1348 ἡμέρας
568 1296 694 1336 ἐννέα.

205 1374 384 1423 Iniuria,
422 1375 584 1423 opinor,
620 1374 774 1413 Kaibel
806 1384 915 1421 quae
948 1373 1157 1421 praebent
1188 1370 1303 1409 MSS.
1337 1368 1471 1408 verba
1503 1364 1581 1404 ἀπὸ
1613 1363 1781 1414 προστά-

143 1464 288 1501 γματος
337 1450 574 1500 κηρύσσεται
620 1450 813 1488 mutavit
859 1450 901 1487 in
949 1447 1045 1486 ἀπὸ
1093 1447 1348 1497 κηρύγματος
1393 1444 1620 1493 πράσσεται.
1667 1441 1778 1479 Nam

143 1536 303 1565 sensus
335 1528 402 1565 est
433 1527 522 1564 hic:
557 1526 705 1564 omnia
737 1535 848 1573 quae
880 1525 1048 1563 civibus
1079 1525 1183 1561 sunt
1214 1521 1413 1561 facienda
1443 1519 1537 1558 fieri
1569 1517 1728 1556 debent
1760 1526 1782 1554 e

145 1602 388 1650 praeceptis
432 1602 564 1640 certis
605 1611 726 1639 more
768 1601 983 1639 maiorum
1021 1598 1288 1638 consecratis
1319 1594 1414 1641 (ἀπὸ
1446 1593 1784 1643 προστάγματος);

143 1677 318 1725 singula
349 1679 498 1716 autem
532 1687 642 1724 quae
673 1677 742 1714 his
772 1675 1054 1724 praescriptis
1086 1674 1379 1720 continentur,
1412 1681 1497 1709 non
1529 1668 1639 1707 fiunt
1667 1669 1782 1705 ante-

146 1763 279 1801 quam
320 1752 446 1801 κήρυξ
491 1752 559 1791 vel
591 1752 696 1790 tuba
729 1751 797 1790 vel
830 1761 934 1790 voce
967 1750 1133 1789 dederit
1165 1749 1356 1796 signum.
1391 1744 1649 1785 Conferendi
1681 1744 1785 1781 sunt

149 1828 460 1876 Aristophanei
494 1839 673 1867 versus:

473 1902 636 1942 ἀκούετε
667 1904 751 1958 λεῴ·
784 1902 910 1942 κατὰ
942 1901 996 1941 τὰ
1029 1902 1221 1952 πάτρια
1252 1899 1344 1945 τοὺς
1375 1904 1468 1949 χοᾶς

473 1979 606 2018 πίνειν
636 1978 729 2017 ὑπὸ
764 1979 1070 2030 σάλπιγγος,

148 2057 221 2095 ubi
275 2057 544 2096 Scholiasta:
597 2054 794 2104 »ἐκάλουν
843 2054 884 2092 οἱ
926 2053 1095 2102 κήρυκες
1149 2051 1366 2102 σάλπιγγας
1413 2048 1671 2100 βαστάζοντες
1718 2043 1784 2083 καὶ

151 2129 398 2180 ἐσήμαινον”
423 2128 466 2176 ²).

210 2207 327 2256 Quod
375 2210 523 2246 autem
571 2207 632 2245 nil
679 2207 764 2244 nisi
812 2207 936 2253 signo
979 2205 1080 2243 dato
1122 2204 1166 2241 in
1208 2202 1386 2242 Carneis
1418 2200 1567 2247 fiebat,
1603 2199 1785 2237 minime

150 2284 250 2322 inde
291 2284 488 2331 sequitur
530 2293 682 2321 verum
717 2292 812 2320 esse
845 2282 886 2320 id
919 2281 1032 2329 quod
1064 2281 1125 2318 ait
1156 2279 1424 2324 Demetrius,
1458 2276 1671 2315 militares
1706 2275 1786 2311 hos

148 2359 285 2398 fuisse
328 2359 471 2406 ludos,
508 2358 592 2396 nisi
624 2358 723 2405 quis
758 2359 866 2402 Χοᾶς
898 2367 1068 2404 quoque
1100 2355 1189 2393 tale
1222 2355 1323 2401 quid
1355 2354 1492 2392 fuisse
1525 2351 1786 2390 contendere

151 2435 271 2474 velit.
315 2436 363 2473 In
400 2435 677 2473 Doriensium
712 2444 756 2472 re
788 2433 978 2481 publica,
1013 2433 1050 2470 si
1082 2441 1192 2478 quae
1224 2430 1310 2469 alia
1341 2429 1466 2467 Marti
1499 2428 1661 2473 dedita,
1698 2426 1788 2464 dies

149 2511 284 2549 etiam
326 2511 463 2549 festos
506 2510 737 2557 disciplina
769 2508 951 2546 militari
982 2507 1118 2545 fuisse
1151 2506 1373 2545 ordinatos
1404 2504 1500 2551 quis
1532 2501 1784 2540 mirabitur!

150 2586 297 2633 Neque
345 2585 390 2623 αἱ
433 2585 610 2630 σκιάδες,
661 2584 786 2631 quasi
828 2583 992 2621 fuerint
1032 2582 1210 2620 militum
1252 2579 1534 2625 tabernacula,
1580 2587 1655 2626 pro
1687 2575 1788 2614 festi

149 2664 308 2701 natura
339 2662 523 2700 militari
555 2661 809 2699 testimonio
844 2659 1082 2698 afferantur
1115 2658 1266 2704 velim,
1302 2666 1401 2694 cum
1433 2655 1690 2693 Iudaeorum
1719 2649 1789 2698 τὴν

152 2742 310 2787 σκηνῶν
352 2735 491 2787 ἑορτὴν
534 2746 556 2774 e
594 2735 736 2773 Libris
769 2734 914 2774 Sacris
946 2733 1200 2771 noverimus
1231 2734 1275 2769 et
1306 2731 1529 2769 Romanos
1561 2729 1604 2766 in
1636 2728 1788 2775 Neptu-

196 2955 221 2996 ¹)
245 2959 368 2988 Athen.
392 2958 439 2988 IV
466 2960 556 2988 141⁶.
581 2958 788 2994 Excerptum
816 2958 868 2984 est
893 2963 910 2984 e
935 2954 1103 2984 Demetrii
1128 2959 1181 2983 τοῦ
1206 2956 1344 2993 Τρωϊκοῦ
1364 2953 1536 2987 διακόσμου
1556 2950 1645 2979 libro
1666 2949 1787 2986 primo.

193 3016 220 3056 ²)
246 3017 348 3049 Facio
374 3017 482 3056 igitur
507 3028 584 3048 cum
610 3016 725 3047 Widio
749 3016 835 3047 Lak.
859 3016 945 3045 kult.
972 3024 1005 3053 p.
1032 3016 1083 3044 81.
