2141 3487
830 315 883 343 DE
916 315 1060 342 ΛῐΑοΕ.
1705 305 1757 341 47

190 433 270 471 Sed
318 442 396 470 suo
439 431 577 480 ipsius
620 431 707 469 fato
751 431 866 468 Aiax
910 431 1091 468 coactus
1135 430 1272 468 fuisso
1316 429 1497 477 videtur,
1543 430 1590 465 ut
1632 438 1765 465 unuln

133 508 279 557 deum,
325 507 396 555 qui
438 507 546 545 benc
588 507 625 545 ei
666 506 818 555 vellet,
853 516 877 544 a
909 516 957 544 se
991 507 1212 544 averteret
1245 507 1376 552 atque
1408 505 1451 541 in
1485 514 1531 542 se
1564 506 1768 542 armaret.

132 584 305 622 Scilicet
354 584 401 621 ut
450 583 577 631 Gyris
624 583 666 621 in
710 582 890 631 rupibus
933 582 1306 630 exstingueretur.
1339 581 1514 619 Dixeris
1547 580 1773 619 exstitisse

130 659 324 698 fabulam
366 659 640 709 popularem,
680 669 791 707 quae
826 659 1004 697 Aiacem
1037 659 1118 697 hoc
1150 658 1244 697 loco
1278 658 1304 697 i,
1339 669 1361 696 e
1393 657 1508 706 apud
1538 657 1769 704 Myconum

131 737 358 774 mortuum
392 735 539 775 vellet.

190 812 330 851 Locus
357 822 510 851 revera
537 813 631 851 erat
658 811 912 864 peculiaris,
941 821 1045 850 nam
1074 810 1230 850 Strabo
1258 810 1312 855 (X
1339 820 1378 859 p.
1407 810 1507 855 487)
1526 811 1768 848 memorat:

135 887 361 936 „Muxovog
404 884 472 937 ὑφ’
518 883 542 942 ᾗ
585 888 815 938 μυθεύουσι
857 890 1020 925 κεῖσθαι
1063 892 1142 924 τῶν
1178 885 1378 938 γιγάντων
1409 884 1502 931 τοὺς
1534 883 1770 930 ὑστάτους”.

131 962 368 1011 Gigantum
401 964 532 1012 igitur
563 963 742 1002 ultimos
776 962 833 1001 ibi
866 963 1089 1001 interiisse
1122 961 1291 1001 ferebat
1322 961 1525 1010 mythus,
1553 960 1625 999 ubi
1657 960 1770 999 Aia-x

131 1049 216 1078 uno
248 1039 443 1078 omnium
479 1039 679 1088 deorum,
714 1039 786 1086 qui
819 1048 919 1077 eum
954 1038 1213 1087 adiuvabat,
1250 1037 1454 1086 superbia
1480 1036 1600 1075 laeso
1629 1037 1767 1075 vitam

129 1115 354 1154 amiserat.
402 1116 559 1165 Heres,
602 1115 674 1162 qui
716 1114 837 1153 nullo
871 1114 1020 1153 divino
1053 1113 1220 1153 auxilio
1252 1112 1494 1163 fruebatur,
1528 1114 1601 1161 qui
1632 1113 1772 1152 maior

130 1201 228 1230 esse
270 1191 511 1241 videbatur,
555 1202 688 1238 quam
730 1191 798 1230 cui
829 1190 908 1229 tali
940 1190 1106 1229 auxilio
1139 1200 1249 1238 opus
1282 1191 1419 1239 esset,
1453 1200 1583 1237 quem
1616 1191 1767 1228 tamen

129 1267 359 1316 Neptunus
401 1268 656 1318 adamabat,
686 1267 915 1306 interierat
947 1267 1170 1306 Minervae
1204 1266 1390 1305 fulmine
1421 1276 1657 1315 percussus
1690 1275 1773 1312 quo

128 1343 223 1383 loco
271 1346 315 1382 et
355 1344 564 1392 Gigantes
611 1345 662 1383 de
709 1343 912 1392 superbia
959 1353 1039 1381 sua
1086 1343 1128 1381 in
1178 1343 1284 1381 deos
1326 1342 1565 1381 manifesta
1606 1352 1770 1390 poenas

130 1419 310 1459 ultimas
337 1421 559 1459 dederant.
588 1420 831 1459 Audiamus
865 1420 1095 1468 Quintum,
1126 1419 1200 1466 qui
1233 1417 1401 1471 οὐδεμίᾳ
1433 1415 1608 1470 ὑπονοίᾳ
1639 1427 1767 1466 usus,

130 1496 207 1535 sed
239 1497 441 1547 fortuito,
475 1497 653 1536 Aiacem
689 1497 1088 1535 circumnatantem
1123 1495 1187 1534 sic
1218 1495 1471 1543 descripsit:

368 1572 470 1619 Αἴας
503 1569 539 1610 δ’
560 1570 697 1611 ἄλλοτε
730 1569 802 1622 μὲν
834 1571 1066 1624 περινήχετο
1102 1571 1269 1622 δούρατι
1301 1569 1419 1620 νηός,

369 1647 503 1687 ἄλλοτε
536 1645 569 1687 δ’
608 1642 659 1686 αὖ
692 1648 861 1700 χείρεσσι
894 1647 1060 1698 ὃιήνυεν
1094 1644 1252 1698 ἁλμυρὰ
1285 1644 1434 1697 βένθη,

369 1723 557 1779 ἀκαμάτῳ
595 1726 732 1775 Τιτῆνι
764 1723 859 1775 βίην
891 1721 1122 1775 ὑπέροπλον
1157 1721 1304 1768 ἐοικώς.
1338 1722 1453 1767 (XIV
1487 1723 1570 1760 548
1604 1724 1727 1769 sqq).

189 1801 295 1840 Mira
326 1801 519 1850 profecto
548 1801 840 1849 comparatio!
873 1800 986 1838 Aiax
1015 1800 1173 1848 minor,
1205 1796 1224 1836 ὁ
1252 1795 1405 1849 ὄλίγος;
1427 1795 1614 1851 ἀκαμάτῳ
1638 1799 1774 1847 Τιτῆνι

133 1875 269 1924 ἐοικώς
300 1880 430 1925 atque
462 1878 507 1916 in
540 1888 591 1917 ea
622 1879 717 1926 ipsa
749 1877 946 1926 regione,
978 1876 1049 1915 ubi
1079 1875 1120 1914 οἱ
1142 1874 1305 1913 ὕστατοι
1331 1873 1522 1925 Γίγαντες
1550 1871 1775 1912 ἀπέθανον.

133 1954 227 1993 Non
270 1954 517 1993 nescimus:
552 1954 736 2002 Quintus
769 1953 963 2002 imagine
994 1952 1124 1990 modo
1159 1952 1228 1990 est
1260 1961 1388 2000 usus,
1423 1950 1485 1989 nil
1519 1950 1657 1989 voluit
1689 1960 1776 1988 am-

133 2029 270 2079 plius;
319 2031 395 2069 sed
443 2040 512 2069 res
560 2029 761 2068 miranda
806 2029 973 2068 manet.
1021 2027 1143 2067 Adde
1188 2028 1232 2065 et
1280 2027 1383 2065 hoc:
1427 2025 1575 2065 Aiacis
1616 2026 1775 2064 mortis

136 2105 269 2144 aliam
316 2106 633 2154 quaesiverunt
681 2115 861 2145 causam
910 2106 1115 2143 auctores
1156 2103 1442 2152 posteriores,
1486 2112 1643 2151 nempe
1677 2101 1777 2141 Cas-

132 2182 319 2220 sandrae
351 2183 550 2230 raptum3
583 2182 719 2220 alium
747 2191 917 2228 quoque
944 2179 1221 2218 tradiderunt
1249 2179 1414 2226 locum,
1446 2178 1517 2216 ubi
1534 2178 1647 2216 Aiax
1665 2178 1775 2226 peri-

135 2257 265 2296 isset!
310 2258 360 2296 In
403 2257 563 2306 Cycliis
607 2257 723 2296 enim
769 2256 1040 2296 carminibus
1090 2253 1291 2301 (Νόστοις)
1324 2254 1679 2302 promunturium
1706 2255 1776 2293 est

137 2333 429 2382 Caphareum‚
473 2333 545 2371 ubi
577 2333 706 2371 heros
738 2333 888 2371 interit
921 2331 1117 2380 Neptuni
1154 2330 1357 2369 tridente.
1386 2330 1435 2368 In
1468 2329 1777 2377 antiquissimo

138 2420 240 2449 vero
281 2409 456 2459 mytho,
499 2409 572 2456 qui
613 2408 821 2448 narrabat
861 2408 1044 2448 Aiacem
1089 2407 1202 2456 apud
1245 2406 1386 2454 Gyras
1417 2405 1555 2454 ipsius
1586 2406 1775 2445 fortasse

137 2485 357 2524 Minervae
375 2495 510 2524 manu
527 2485 765 2534 interiisse,
791 2494 867 2533 pro
896 2493 1028 2523 causa
1057 2482 1322 2522 afferebatur
1349 2492 1487 2529 neque
1505 2481 1776 2520 Cassandrae

137 2563 289 2610 raptus
336 2571 476 2609 neque
524 2561 641 2599 aliud
688 2560 809 2610 quid,
860 2570 991 2607 quam
1041 2559 1262 2598 Minervae
1303 2558 1347 2596 in
1390 2557 1572 2596 Aiacem
1613 2557 1773 2596 odium.

137 2637 294 2676 Odium
326 2647 430 2676 vero
464 2637 545 2675 hoc
576 2635 900 2675 internecivum
930 2635 1046 2674 unde
1077 2634 1314 2683 provenit?

197 2713 493 2752 Philostratus
535 2713 722 2758 (Heroic.
767 2713 866 2757 707)
899 2712 943 2750 in
975 2711 1122 2749 Aiacis
1156 2709 1277 2749 exitu
1308 2709 1590 2748 describendo
1623 2709 1776 2748 multis

139 2789 336 2837 partibus
378 2800 402 2828 a
443 2788 696 2827 narratione
739 2787 909 2835 vulgari
951 2787 1185 2835 discrepat.
1228 2785 1338 2823 Nam
1372 2786 1474 2832 post
1506 2784 1777 2824 Cassandrae

137 2868 312 2913 raptum
358 2865 663 2913 Agamemnon
713 2863 864 2912 edicit,
899 2863 1141 2902 Minervam
1174 2860 1446 2910 propositum
1479 2861 1561 2898 sibi
1592 2861 1772 2909 habere,

138 2940 184 2977 ni
229 2940 491 2987 quantocius
539 2939 704 2978 Achaei
749 2938 1009 2978 interimant
1055 2937 1256 2985 Aiacem,
1304 2937 1450 2974 totum
1497 2936 1772 2974 Achaeorum

141 3015 383 3054 exercitum
416 3015 711 3064 exstinguere.
746 3014 837 3063 Qua
868 3014 986 3052 fama
1017 3013 1186 3061 perlata
1216 3011 1331 3050 Aiax
1356 3011 1499 3049 minor
1525 3011 1775 3050 Palamedis
