2200 3487
490 381 542 417 34
1180 387 1232 414 DE
1264 386 1408 414 AIAOE.

548 503 732 541 Videsne
780 502 883 539 illud
931 499 1026 550 ἀτὰρ
1069 498 1109 537 ἐν
1156 499 1278 553 νόστῳ
1323 499 1539 550 Ἀθηναίην
1572 498 1764 551 ἀλίτοντο,
1795 501 1907 549 quod
1939 501 2104 550 optime

487 580 667 626 quadrat
713 579 756 616 in
804 578 988 615 Graecos
1035 575 1263 622 abeuntes,
1309 575 1380 622 qui
1423 576 1605 614 victoria
1648 577 1752 616 elati
1784 577 2104 626 superbientes,

483 655 550 692 ius
569 656 610 692 et
628 654 710 702 fas,
731 655 778 691 ut
796 653 952 691 docent
978 667 999 701 γ
1032 651 1112 688 130
1139 661 1246 699 sqq,
1275 661 1437 697 susque
1467 651 1604 698 deque
1632 652 1846 692 habentes
1874 650 1922 690 οὔ
1948 667 1982 690 τι
2008 651 2105 702 νοή-

485 743 601 778 μονες
635 725 730 766 οὐδὲ
763 727 909 765 δίκαιοι
942 728 1084 775 erant,
1117 736 1250 772 quare
1277 735 1302 763 a
1329 726 1451 774 Iove,
1479 728 1528 764 ut
1552 726 1691 765 voluit
1718 729 1846 776 poeta
1872 728 2102 776 antiquior,

485 806 560 843 aut
605 814 629 841 a
676 803 867 841 Minerva
915 824 966 828 —
1015 802 1198 849 patrona
1239 800 1501 839 Graecorum
1543 801 1787 851 indignata,
1831 813 1961 850 quam
2004 812 2102 841 cum

482 879 683 927 Pergami
724 878 903 917 numine
942 876 1120 914 tutelari
1162 876 1204 914 in
1237 875 1426 914 Graecos
1457 876 1570 915 irata
1602 877 1920 916 coniunxerant
1950 879 2103 926 poetae

482 955 742 994 recentiores
787 976 838 981 —
878 952 1181 1000 puniebantur.
1217 949 1273 988 Τὰ
1306 950 1347 989 ἐν
1382 950 1504 1006 νόστῳ
1537 953 1752 1000 respicere
1784 953 1930 992 Aiacis
1961 952 2104 992 scelus

483 1042 628 1079 nenio,
665 1030 807 1077 credo,
841 1028 922 1066 sibi
954 1027 1249 1076 persuadebit,
1283 1037 1422 1074 neque
1454 1028 1598 1077 deam,
1633 1038 1742 1076 quae
1775 1029 1826 1067 ob
1854 1029 1933 1067 hoc
1959 1028 2103 1067 scelus

479 1108 599 1145 Aiaci
633 1107 748 1144 esset
781 1106 908 1152 irata,
943 1104 1058 1141 hunc
1090 1113 1193 1141 suas
1225 1113 1384 1141 manus
1418 1103 1608 1151 effugere
1641 1104 1812 1143 sivisse.

537 1182 627 1230 Qua
658 1191 702 1219 re
735 1190 812 1218 suo
844 1180 937 1217 iure
965 1178 1118 1216 Strabo
1147 1178 1200 1216 ad
1228 1177 1250 1216 ὅ
1276 1179 1359 1216 502
1390 1179 1644 1217 annotavit:
1676 1177 1768 1228 „nal
1794 1177 2012 1231 ἐχθόμενός
2029 1193 2101 1231 περ

478 1255 638 1309 Ἀθήνῃ·
668 1252 855 1292 ἁπάντων
882 1253 936 1299 εἰς
967 1252 1008 1291 τὸ
1042 1252 1150 1304 ἱερὸν
1183 1251 1467 1304 ἀσεβησάντων
1499 1253 1648 1291 ἅπασιν
1680 1251 1882 1304 ἐμήνιεν”.
1916 1254 2032 1302 Quae
2063 1255 2100 1294 Si

474 1334 599 1382 legis,
636 1333 723 1371 noli
757 1332 944 1380 cogitare
976 1331 1026 1369 de
1060 1330 1323 1380 Cassandra,
1358 1341 1462 1369 nam
1490 1331 1533 1369 in
1561 1331 1750 1380 Perside,
1780 1340 1888 1378 quae
1916 1330 2101 1370 historia

475 1410 615 1447 fusius
662 1409 712 1447 de
759 1409 886 1455 raptu
934 1407 1043 1458 agit,
1092 1417 1176 1445 non
1217 1417 1370 1446 omnes
1411 1406 1570 1455 impios
1603 1417 1649 1446 se
1682 1406 1910 1456 praebent,
1942 1407 2100 1455 immo,

475 1495 587 1523 unus
619 1485 763 1532 modo,
799 1493 897 1521 cum
931 1483 1063 1521 ceteri
1096 1492 1251 1521 omnes
1284 1483 1388 1521 deae
1419 1482 1701 1531 opitulentur.

535 1562 757 1609 Quodnam
792 1570 891 1598 vero
926 1560 978 1598 ad
1010 1560 1176 1598 factum
1209 1559 1425 1608 spectavit
1458 1558 1644 1597 Strabo?
1669 1558 1945 1597 Coniecimus
1972 1569 2104 1607 supra

475 1638 715 1675 Minervam
764 1635 905 1684 illam,
954 1645 1063 1681 quae
1106 1645 1170 1673 vs.
1216 1635 1299 1673 502
1343 1636 1630 1683 memoratur,
1671 1634 1806 1673 fuisse
1847 1635 1937 1673 tam
1979 1634 2105 1673 deam

474 1712 673 1761 Pergami
715 1711 951 1749 tutelarem
1002 1710 1180 1749 Graecis
1213 1710 1372 1748 iratam
1406 1720 1538 1757 quam
1572 1710 1838 1749 Graecorum
1869 1711 2101 1758 patronam

474 1789 630 1827 horum
673 1787 723 1826 ob
764 1787 1038 1835 impietatem
1081 1787 1381 1834 indignatam3
1422 1786 1531 1825 duas
1563 1786 1698 1834 igitur
1731 1787 1834 1825 deas
1866 1797 1891 1824 a
1922 1787 2103 1826 recenti-

475 1864 619 1902 oribus
671 1874 746 1912 pro
793 1873 880 1901 una
923 1863 1107 1901 habitas.
1152 1862 1274 1901 Talia
1314 1862 1466 1900 Strabo
1500 1864 1679 1911 putasse
1713 1863 1896 1901 videtur.
1931 1862 2102 1912 Graeci,

475 1941 511 1978 si
544 1950 642 1978 eum
674 1939 815 1988 audis,
850 1938 1062 1977 abeuntes
1094 1938 1382 1976 devastarunt
1408 1938 1624 1986 templum
1649 1938 1868 1977 Minervae
1885 1938 2102 1977 vellaese·

475 2017 578 2053 runt
610 2015 712 2053 deae
745 2024 889 2063 sacra,
924 2024 1034 2061 quae
1066 2014 1109 2051 in
1143 2023 1240 2052 arce
1268 2015 1408 2052 erant.
1443 2013 1521 2052 Est
1553 2014 1685 2061 igitur
1712 2010 1735 2062 ἡ
1763 2016 1976 2063 πολιοῦχος
2004 2012 2101 2062 θεά,

475 2101 584 2138 quae
631 2091 841 2129 abeuntes
888 2090 1018 2128 malis
1064 2089 1353 2138 persequitur.
1403 2089 1525 2128 Unde
1574 2089 1702 2128 facile
1749 2089 1947 2128 effeceris
1987 2089 2104 2128 Iovis

475 2168 583 2205 iram
622 2167 664 2204 in
696 2165 1022 2215 proficiscentes
1052 2165 1189 2204 fuisse
1224 2165 1514 2212 antiquiorem
1548 2175 1678 2212 quam
1711 2164 1833 2202 illam
1866 2165 2099 2203 Minervae.

476 2242 597 2280 Hanc
630 2242 746 2280 enim
776 2241 1017 2289 excogitari
1048 2251 1131 2280 non
1164 2241 1378 2289 potuisse,
1413 2242 1651 2287 antequam
1685 2240 1903 2278 Minervae
1931 2249 2100 2287 quoque

476 2317 599 2354 iuxta
630 2317 876 2364 Apollinem
910 2317 1031 2356 locus
1063 2317 1107 2355 in
1140 2326 1238 2355 arce
1271 2318 1389 2354 esset
1421 2316 1628 2355 tributus.

537 2392 742 2431 Omnium
784 2403 886 2431 vero
929 2403 1143 2432 consensu
1185 2402 1340 2431 versus
1380 2392 1480 2430 libri
1522 2393 1571 2441 Z,
1612 2392 1685 2439 qui
1717 2392 1768 2430 de
1801 2391 1906 2430 deae
1937 2391 2101 2439 templo

477 2468 520 2505 in
568 2468 777 2515 Pergamo
820 2470 972 2518 agunt,
1014 2468 1270 2517 interpolati
1311 2470 1426 2507 sunt.
1469 2467 1730 2506 Describunt
1771 2467 1896 2506 deam
1939 2467 1983 2504 in
2024 2477 2103 2506 suo

478 2543 635 2581 sacello
668 2543 914 2591 sedentem;
948 2544 1023 2583 illa
1055 2555 1158 2583 vero
1191 2546 1356 2593 statua,
1384 2554 1515 2591 quam
1541 2545 1694 2592 postea
1720 2543 1830 2582 Novi
1856 2543 1924 2581 Ilii
1951 2542 2103 2581 Miner-

478 2630 556 2658 vae
597 2619 639 2657 in
681 2619 784 2657 aede
816 2619 950 2657 fuisse
982 2620 1137 2659 docent
1169 2620 1341 2658 nummi
1373 2620 1552 2672 reperti,
1588 2619 1782 2658 numinis
1815 2621 1908 2658 erat
1940 2619 2104 2657 stantis

479 2693 621 2732 Colum
654 2704 788 2732 manu
820 2695 1030 2744 tenentis,
1064 2700 1132 2745 τῆς
1158 2691 1370 2746 Ἐργάνης.

538 2769 770 2807 Occasione
814 2769 975 2819 oblata,
1022 2772 1147 2818 quasi
1189 2771 1231 2809 in
1273 2771 1544 2820 parenthesi,
1578 2771 1660 2809 hac
1692 2780 1860 2818 quoque
1891 2770 1943 2809 de
1973 2770 2101 2809 inter-

476 2844 694 2891 polatione
727 2845 938 2891 quaedam
972 2845 1205 2886 observare
1237 2847 1348 2885 mihi
1379 2846 1521 2885 liceat.

537 2922 568 2956 Z
615 2930 699 2959 non
746 2920 940 2968 depingit
987 2920 1056 2970 τὴν
1095 2917 1296 2973 Ἐργάνην
1339 2922 1414 2961 sed
1457 2919 1528 2970 τὴν
1566 2920 1775 2972 Ἀγελείην,
1809 2920 2101 2959 Bellatricem.

473 2995 612 3033 Causa
638 2997 785 3033 autem
815 2997 964 3034 exstat
991 2996 1127 3045 nulla,
1159 3008 1234 3035 cur
1261 2997 1444 3036 Ilienses
1470 2996 1630 3035 aetatis
1655 2995 1924 3044 posterioris,
1944 2994 2101 3043 quibus

474 3070 658 3108 maximi
691 3080 786 3108 esse
819 3071 993 3109 deberet
1026 3072 1330 3111 demonstrare
1363 3071 1568 3120 oppidum
1602 3081 1731 3109 suum
1759 3070 1897 3109 fuisse
1922 3070 2097 3109 Troiam
