2200 3487
409 355 462 393 50
1100 356 1151 385 DE
1184 355 1329 385 AIACE.

406 478 593 527 procella
633 476 908 526 praebitum?
958 473 1064 521 Quid
1107 472 1315 520 denique,
1359 472 1471 519 quod
1513 472 1555 510 in
1598 472 1732 510 Iliade
1765 472 1878 511 Aiax
1910 471 2029 512 solus

405 555 583 593 navium
617 552 755 600 surgit
787 550 1017 589 defensor?
1050 547 1292 586 Audiamus
1325 549 1499 595 poetam
1535 548 1567 585 O
1600 548 1684 586 674
1718 558 1833 596 sqq.:

700 631 805 676 νηῶν
838 620 927 674 ἴκρι’
965 621 1132 676 ἐπῴχετο
1165 620 1297 673 μακρὰ
1328 622 1554 673 βιβάσθων,

693 698 843 751 ’νώμαε
876 697 917 737 δὲ
950 697 1091 745 ξυστὸν
1124 696 1220 750 μέγα
1254 698 1461 748 ναύμαχον
1494 696 1536 736 ἐν
1568 698 1790 750 παλάμῃσι,

699 774 888 825 κολλητὸν
921 773 1123 825 βλήτροισι
1155 773 1584 824 δυωκαιῐεικοσίπηχυ·

693 850 848 901 ’φοίταε
881 850 1012 903 μακρὰ
1045 849 1182 902 βιβὰς,
1215 849 1333 900 φωνὴ
1372 849 1414 889 δέ
1445 852 1514 889 foc
1547 847 1673 902 αἰθέρ’
1711 850 1833 889 ἵκανε.

696 926 771 966 αἰεὶ
805 925 846 966 δὲ
879 925 1076 977 σμερδνὸν
1111 926 1246 977 βοάων
1280 928 1480 965 Δαναοῖσ’
1515 925 1667 965 ἐκέλευε

694 1003 815 1052 νηυσί
845 1017 882 1041 τε
915 1001 981 1040 καὶ
1013 1003 1213 1056 κλισίῃσιν
1247 999 1473 1051 ἀμυνέμεν’.

398 1082 547 1119 Nonne
595 1081 674 1118 hos
722 1089 878 1118 versus
924 1079 1074 1127 legens
1122 1080 1252 1125 atque
1300 1078 1499 1127 relegens
1547 1078 1807 1117 exclamarit
1850 1079 2024 1128 aliquis,

397 1157 540 1195 maius
573 1155 691 1204 quid,
727 1165 859 1202 quam
892 1155 1047 1193 heroes
1080 1164 1176 1193 esse
1209 1154 1400 1203 soleant,
1434 1154 1534 1193 huic
1567 1154 1689 1193 Aiaci
1721 1155 1939 1194 infuisse?

457 1231 537 1270 Sed
575 1231 768 1270 nondum
812 1230 1074 1268 coniecturis
1116 1229 1430 1277 indulgendum
1474 1230 1659 1279 videtur,
1705 1232 1941 1277 antequam
1974 1231 2026 1269 de

394 1306 645 1345 Telamonis
666 1307 825 1344 natura
853 1305 1100 1344 accuratius
1124 1304 1467 1352 inquisierimus.
1497 1304 1585 1353 Quo
1613 1305 1739 1354 facto,
1759 1306 1796 1343 si
1814 1306 2025 1344 lectorum

394 1383 564 1420 animos
606 1382 659 1420 ad
700 1391 792 1420 rem
837 1380 1134 1420 obscuriorem
1177 1380 1454 1418 iudicandam
1504 1381 1806 1429 propensiores
1838 1381 2025 1420 fortasse

395 1458 732 1506 reddiderimus,
781 1456 939 1496 melius
988 1458 1130 1495 strata
1176 1456 1257 1495 erit
1303 1456 1392 1504 via,
1443 1466 1526 1503 qua
1562 1456 1846 1504 investigatio
1879 1459 2029 1495 nostra

396 1533 627 1581 procedere
660 1533 833 1582 poterit.

985 1889 1070 1932 IX.
1115 1887 1425 1944 Τελαμώνιοι.

458 2026 493 2061 Ε
527 2026 610 2064 655
644 2035 735 2072 SQQ.
785 2024 1004 2072 Sarpedon
1048 2025 1136 2062 dux
1173 2024 1406 2072 Lyciorum
1451 2024 1576 2062 hasta
1618 2024 1805 2072 perfodit
1838 2025 2029 2073 Tlepole-

398 2112 519 2140 mum
553 2101 756 2140 Herculis
788 2100 947 2149 filium,
984 2101 1055 2148 qui
1088 2101 1238 2139 Rhodo
1272 2111 1409 2139 naves
1437 2111 1594 2139 novem
1625 2100 1799 2139 Troiam
1827 2101 2026 2140 duxerat..

396 2177 670 2225 Tlepolemus
713 2177 831 2215 enim
874 2178 1029 2225 patruo
1071 2177 1215 2214 occiso
1258 2176 1387 2224 Argis
1419 2176 1622 2214 Rhodum
1655 2176 1839 2224 fugerat.
1872 2176 2028 2215 Rhodii

397 2253 465 2290 vel
508 2253 652 2300 potius
684 2253 834 2301 Argivi
875 2252 1076 2291 Rhodum
1119 2252 1369 2291 habitantes
1402 2253 1535 2291 simul
1568 2262 1667 2291 cum
1700 2252 1844 2300 Lyciis
1878 2252 2024 2290 adver-

396 2328 524 2365 sariis
566 2328 656 2366 suis
699 2338 829 2367 suum
858 2329 1036 2367 heroem
1070 2328 1113 2365 in
1144 2328 1326 2366 Iliadem
1359 2328 1714 2367 introduxerunt.
1749 2328 2029 2376 Tlepolemus

399 2404 546 2441 autem
595 2413 693 2441 cum
728 2404 920 2451 adesset,
955 2414 980 2441 a
1015 2404 1210 2441 carmine
1244 2403 1362 2451 epico
1397 2403 1550 2442 abesse
1583 2413 1668 2442 non
1701 2405 1873 2452 poterat
1905 2405 2029 2451 pater

401 2477 623 2516 Hercules.
674 2478 771 2527 Sed,
823 2480 870 2516 ut
916 2489 986 2517 res
1028 2479 1216 2526 ferebat,
1255 2488 1342 2517 non
1386 2488 1485 2517 cum
1529 2479 1704 2518 Priamo
1738 2488 1890 2517 verum
1924 2488 2023 2516 cum

396 2552 687 2590 Laomedonte
728 2553 891 2592 bellurn
932 2563 1033 2592 eum
1066 2554 1276 2602 gessisse,
1309 2554 1422 2600 quod
1454 2554 1684 2600 utriusque
1717 2554 1850 2592 aetati
1882 2553 2026 2601 magis

397 2627 704 2675 conveniebat,
739 2628 945 2676 rhapsodi
979 2629 1228 2667 cantabant.

458 2701 666 2740 Fabulam
715 2703 845 2750 igitur
892 2704 1101 2751 Argivam
1150 2704 1202 2742 de
1249 2704 1406 2742 Perseo
1457 2705 1499 2742 et
1547 2703 1827 2742 Andromeda
1873 2704 2024 2752 Argivi

398 2777 581 2821 (Rhodii)
623 2778 945 2816 transtulerunt
986 2780 1029 2817 in
1072 2779 1309 2818 Herculem
1357 2780 1401 2817 et
1441 2779 1704 2817 Hesionam:
1755 2789 1779 2816 a
1824 2780 2024 2817 monstro

396 2852 566 2890 marino
613 2851 800 2900 Neptuni
849 2852 972 2891 iussu
1018 2854 1135 2892 vitae
1177 2853 1361 2901 virginis
1402 2853 1636 2891 minitante
1680 2853 1854 2891 heroem
1897 2854 2022 2891 mise-

395 2937 488 2965 ram
537 2927 801 2975 defendisse,
851 2929 1192 2968 Laomedontem
1246 2930 1363 2968 enim
1416 2927 1506 2966 filia
1557 2938 1637 2966 sua
1684 2931 1883 2967 monstro
1930 2939 2021 2977 pro·

392 3003 503 3040 lecta
549 3001 737 3040 solvisse
780 3012 962 3055 poenaS‚
1004 3004 1116 3050 quod
1151 3015 1225 3052 pro
1263 3003 1493 3042 moenibus
1541 3003 1741 3041 Troianis
1788 3004 2024 3042 exstructis
