2200 3487
404 336 457 372 94
1098 346 1151 374 DE
1184 347 1315 374 ArACE

666 562 791 605 XVI.
827 563 1126 620 Quaestiones
1160 563 1381 615 quaedam
1415 565 1754 617 genealogicae.

459 690 643 728 Pindaro
691 691 865 728 auctore
914 690 957 728 in
1000 690 1080 729 oda
1124 689 1379 737 Olympiaca
1421 700 1536 728 nona
1577 691 1690 728 inter
1724 689 1949 728 Locridem
1982 688 2025 725 et

399 765 566 804 Elidem
614 766 880 804 exstiterunt
923 766 1131 814 rationes,
1177 775 1285 812 quas
1327 765 1572 813 quicunque
1605 766 1655 804 de
1688 765 1805 804 cultu
1838 764 2025 811 quodam

400 843 441 880 in
485 842 660 880 Locride
704 842 936 880 observato
970 841 1062 879 vult
1096 851 1222 889 agere
1255 842 1432 889 impune
1465 841 1640 879 silentio
1672 840 1907 889 praeterire
1939 849 2026 877 non

400 919 557 965 potest.
586 917 697 955 Nam
726 917 768 954 in
796 916 1048 955 huiusmodi
1075 916 1494 964 investigationibus
1520 915 1589 954 vel
1613 916 1841 954 levissima
1867 915 2026 954 indicia

400 994 504 1031 sunt
535 992 774 1040 sequenda,
806 992 907 1030 licet
937 1002 1116 1040 prorsus
1148 992 1366 1031 incertum
1400 992 1457 1030 sit
1491 1001 1636 1030 annon
1668 991 1897 1038 quicquam
1926 991 2024 1030 inde

400 1067 642 1116 proveniat.

458 1143 559 1181 Erat
602 1143 645 1180 in
686 1143 880 1190 Locride,
917 1144 962 1180 ut
993 1143 1125 1181 refert
1160 1143 1408 1192 Stephanus
1439 1144 1680 1189 Byzantius
1713 1154 1750 1192 p.
1786 1146 1887 1194 476,
1921 1144 2024 1184 urbs

400 1219 612 1266 quaedam
658 1218 836 1267 Φύσκος,
878 1217 955 1256 ἀπὸ
1004 1219 1167 1257 Φύσκον
1210 1225 1279 1258 τοῦ
1322 1219 1501 1258 Αἶτώλου
1534 1225 1603 1258 τοῦ
1637 1219 1922 1269 Ἀμφικτύονος
1953 1225 2023 1258 τοῦ

400 1293 688 1340 Δευκαλίωνος.
727 1294 886 1339 Φύσκος
920 1291 961 1332 δὲ
994 1290 1059 1343 ἀφ’
1097 1289 1143 1333 οὗ
1177 1294 1218 1333 οἵ
1244 1292 1412 1346 Λέλεγες
1446 1295 1486 1333 οἱ
1510 1301 1584 1333 νῦν
1612 1291 1955 1346 Λοκροί.“Ριανὸς
1983 1292 2025 1333 δὲ

403 1367 585 1414 Φυσκέας
628 1368 776 1415 αὐτοὺς
818 1372 947 1419 καλεῖ,
987 1368 1137 1421 λέγεται
1175 1368 1241 1407 καὶ
1276 1370 1469 1416 Φυσκεύς.
1503 1369 1576 1415 (Cf.
1615 1369 1803 1409 Φυσκίων
1836 1381 1891 1409 eX
1923 1370 2022 1408 Am·

399 1446 548 1494 phissa
606 1444 758 1484 Collitz
808 1440 960 1493 20058,
1027 1445 1200 1492 Φύσκος,
1274 1445 1462 1483 Φυσκίων
1518 1447 1766 1485 sacerdotes
1827 1445 2024 1485 Aetoliae

401 1517 553 1569 25092,
599 1517 765 1565 25212>.
1158 1504 1163 1505 ⁷

460 1596 617 1641 Φύσκος
651 1596 718 1634 vel
756 1595 911 1633 Φυσκία
945 1596 1101 1643 Lyciae
1135 1605 1302 1643 quoque
1336 1598 1403 1635 est
1435 1597 1538 1635 urbs
1570 1598 1733 1646 (Steph.
1767 1597 1910 1645 Byz.);
1939 1608 2024 1636 me-

398 1674 541 1710 morat
582 1671 703 1709 Diod.
748 1671 817 1709 Sic
853 1672 919 1720 14,
955 1671 1008 1709 83
1052 1671 1203 1709 urbem
1246 1671 1467 1719 Physcum
1502 1671 1654 1711 Cariae
1685 1672 1727 1710 in
1763 1682 1861 1720 ora3
1896 1673 2026 1711 Theo-

399 1747 532 1785 critus
565 1748 712 1785 autem
747 1746 818 1795 IV,
854 1747 906 1784 23
951 1748 1149 1785 montem
1182 1747 1404 1794 Physcum
1438 1748 1481 1785 in
1515 1748 1668 1795 Magna
1701 1747 1881 1787 Graecia
1913 1748 2026 1796 apud

397 1821 653 1868 Crotonem3
688 1821 822 1861 Thuc.
855 1822 909 1870 II,
946 1822 1000 1859 99
1035 1822 1188 1860 urbem
1226 1823 1391 1860 Φύσκων
1418 1823 1462 1860 in
1489 1823 1751 1862 Macedonia.
1776 1823 2024 1862 Admodum

397 1897 625 1945 vulgatum
683 1898 817 1936 fuisse
871 1907 1030 1936 nomen
1080 1898 1262 1946 videtur,
1309 1898 1437 1947 quod,
1482 1900 1529 1936 ut
1581 1899 1707 1937 docet
1754 1899 2022 1947 Stephanus,

397 1972 602 2021 Lelegum
640 1973 684 2011 in
718 1973 967 2021 regionibus
999 1973 1180 2012 solitum
1213 1983 1237 2011 a
1270 1974 1413 2012 radice
1446 1989 1502 2022 φυ
1536 1975 1602 2012 est
1634 1974 1935 2013 derivandum.

452 2047 608 2087 Narrat
636 2051 786 2087 autem
813 2049 1055 2088 Pausanias
1082 2049 1146 2098 (V,
1173 2050 1238 2098 16,
1259 2050 1283 2087 3
1303 2052 1410 2097 sqq.)
1438 2050 1628 2088 sedecim
1648 2049 1856 2088 mulieres
1874 2050 2024 2097 quinto

393 2133 560 2170 quoque
594 2134 706 2162 anno
739 2124 782 2162 in
815 2124 934 2163 Elide
966 2125 1141 2173 peplum
1174 2124 1384 2163 obtulisse
1417 2125 1591 2174 lunoni,
1622 2125 1774 2163 deinde
1802 2126 2023 2164 certamen

393 2209 466 2237 eas
500 2199 650 2238 iniisse
682 2200 724 2238 in
759 2210 841 2247 quo
884 2199 1046 2238 καθεῑτό
1080 2211 1218 2249 σφισιν
1250 2197 1274 2249 ἡ
1308 2199 1429 2250 κόμη,
1460 2199 1576 2250 χιτὼν
1610 2197 1742 2251 ὀλίγον
1775 2196 1873 2250 ὑπὲρ
1906 2199 2021 2251 7611oe-

393 2288 456 2318 τος
491 2277 663 2323 καθῆκε.
695 2273 762 2312 τὸν
796 2272 837 2312 δὲ
872 2269 982 2324 ὦμον
1015 2273 1102 2325 ἄχρι
1134 2281 1203 2313 τοῦ
1238 2275 1417 2324 στήθους
1450 2274 1620 2324 ἔφαινον
1654 2274 1720 2314 τὸν
1753 2275 1894 2322 δεξιόν.

454 2348 601 2396 Quivis
634 2350 832 2397 agnoscit
865 2351 1142 2389 Amazonum
1175 2351 1402 2389 vestitum.
1435 2350 1554 2389 Duos
1587 2351 1668 2390 hae
1700 2350 1909 2389 mulieres
1942 2350 2020 2388 for-

395 2424 577 2462 mabant
623 2425 781 2475 χορούς,
828 2425 1013 2464 alterum
1052 2424 1119 2463 τὸν
1165 2425 1351 2471 Φυσκόας
1393 2425 1581 2464 alterum
1624 2425 1690 2464 τὸν
1726 2422 2024 2475 Ἱπποδαμείας,

396 2499 616 2545 Sequitur:

458 2573 554 2623 μὴν
590 2574 780 2613 Φυσκόαν
815 2573 856 2613 δὲ
889 2571 990 2613 εἶναι
1023 2576 1171 2626 ταύτην
1200 2575 1324 2625 φασὶν
1352 2575 1392 2614 ἐκ
1420 2582 1486 2626 τῆς
1507 2575 1667 2622 ’Ήλιδος
1695 2581 1762 2626 τῆς
1788 2576 1941 2625 κοίλης,
1968 2582 2018 2629 τῷ

395 2648 506 2703 δήμῳ
541 2646 582 2686 δὲ
616 2648 716 2686 ἔνθα
751 2650 902 2703 ᾤκησεν
935 2649 1061 2701 ὄνομα
1088 2648 1258 2702 Ὀρθίαν
1291 2647 1436 2690 εἶναι”.

454 2724 607 2762 Fuitne
640 2725 772 2772 igitur
805 2726 1003 2774 Physcoa
1035 2727 1180 2766 Eliaca
1213 2728 1426 2774 quaedam
1461 2727 1612 2766 Orthia
1645 2727 1713 2765 vel
1742 2722 1975 2775 Ὀρθωσιάἱ)

451 2799 628 2848 Dicunt,
664 2800 724 2838 ita
751 2802 889 2849 pergit
914 2803 1173 2851 Pausanias,
1207 2803 1355 2854 ηταύτῃ
1383 2809 1428 2857 τῇ
1459 2801 1621 2855 Φυσκόᾳ
1651 2801 1854 2840 Διόνυσον
1882 2813 2017 2853 συγγε-

394 2873 555 2923 νέσθαι,
606 2874 796 2913 Φυσκόαν
845 2874 886 2914 δὲ
934 2875 974 2915 ἐκ
1022 2878 1225 2916 Διονύσου
1272 2881 1396 2916 τεκεῖν
1439 2877 1564 2915 παῖδα
1611 2878 1833 2927 Ναρκαῖον·
1875 2882 2016 2915 τοῦτον

395 2953 564 2999 Ἀθηνᾶς
606 2948 712 3000 ἱερὸν
759 2949 961 3001 ἐπίκλησιν
1010 2952 1219 3004 Ναρκαίας
1266 2952 1524 3003 ἱδρύσασθαι.
1579 2953 1764 3007 Διονύσῳ
1822 2966 1858 2990 τε
1905 2951 2017 3002 τιμὰς

393 3023 575 3075 λέγουσιν
610 3024 685 3062 ὑπὸ
720 3026 929 3075 Ναρκαίου
963 3026 1024 3064 καὶ
1064 3028 1248 3074 Φυσκόας
1283 3028 1458 3078 δοθῆναι
1493 3028 1700 3079 πρώτων”.
