2200 3487
485 344 535 381 14
1173 350 1226 378 DE
1258 350 1401 377 AIACE.

477 469 519 506 et
559 466 666 505 Oilei
697 464 848 503 filiurn.
883 464 958 502 Est
992 463 1274 501 Telamonius
1306 463 1404 510 post
1436 462 1652 501 Achillem
1685 462 1880 500 omnium
1913 462 2094 500 fortissi-

478 553 597 590 mus,
656 541 879 587 robustus,
928 537 1209 585 tranquillus,
1259 537 1526 585 impavidus,
1575 537 1627 576 ab
1679 538 1798 576 omni
1845 537 2100 575 crudelitate

478 618 737 664 abhorrens,
787 625 886 653 cum
935 613 1055 651 asino
1102 613 1226 651 tardo
1269 613 1342 659 qui
1384 613 1534 651 cedere
1577 614 1716 652 nescit
1757 613 2095 661 comparandus,

478 701 717 742 paucorum
751 689 1006 736 verborum,

1364 759 1438 812 ἠύς
1470 776 1508 800 τε
1540 761 1660 813 μέγας
1692 777 1729 801 τε

774 837 907 889 ἔξοχος
943 838 1120 889 Ἀργεΐων
1153 836 1332 886 κεφαλήν
1365 833 1428 886 ἠδ’
1467 836 1604 888 εὐρέας
1638 837 1790 887 ὤμους,

478 916 669 967 πελώριος
713 917 797 964 est,
843 917 1003 964 Ἀχαιῶν
1045 911 1174 963 ἕρκος,
1215 913 1383 961 ingenti
1423 915 1485 957 (ut
1516 913 1647 962 vulgo
1679 913 1944 962 perhibetur)
1976 915 2100 952 scuto

477 994 693 1040 armatus,
728 991 873 1038 imago
905 989 1193 1037 constantiae,
1227 987 1467 1037 firmitatis,
1502 988 1840 1028 immobilitatis.

536 1067 762 1106 Locrensis
790 1067 938 1104 autem
964 1066 1062 1113 post
1079 1063 1298 1103 Achillem
1317 1066 1383 1102 est
1410 1065 1606 1103 omnium
1626 1064 1900 1113 celerrimus,
1920 1063 2103 1102 minoris

477 1145 691 1191 staturae,
740 1141 870 1180 miles
915 1151 1000 1179 non
1047 1140 1159 1178 levis
1207 1141 1455 1178 armaturae
1503 1141 1579 1178 sed
1612 1139 1807 1188 mobilis,
1843 1141 2100 1187 contumaX,

479 1219 640 1267 audax,
677 1218 850 1266 loquaX.

538 1296 765 1341 Attamen,
800 1293 902 1331 licet
932 1294 1023 1331 tarn
1058 1292 1212 1330 multis
1244 1292 1440 1340 partibus
1471 1293 1586 1330 inter
1617 1303 1663 1331 se
1691 1293 1956 1340 discrepent,
1984 1290 2104 1329 hisce

477 1371 521 1408 in
563 1369 693 1408 rebus
733 1369 847 1406 inter
890 1378 936 1406 se
969 1369 1230 1416 congruunt,
1265 1368 1377 1414 quod
1410 1378 1568 1406 nomen
1601 1370 1758 1415 gerunt
1788 1368 1924 1415 idem,
1958 1376 2101 1413 quam-

478 1454 610 1492 quam
654 1443 766 1491 apud
808 1444 982 1490 poetam
1024 1442 1419 1489 consanguinitatis
1451 1443 1625 1481 vinculo
1659 1443 1795 1480 vincti
1827 1444 1931 1480 sunt
1961 1441 2102 1489 nullo;

479 1519 590 1567 quod
632 1518 789 1556 fiducia
830 1527 883 1555 ne
921 1517 1119 1555 dicamus
1153 1516 1415 1555 confidentia
1448 1517 1670 1555 excellunt
1701 1527 1962 1565 permagna;
1996 1516 2107 1564 quod

479 1604 617 1641 aequa
654 1593 850 1631 amicitia
882 1591 991 1630 moti
1022 1591 1214 1639 disiungi
1246 1592 1414 1630 nolunt.
1449 1592 1688 1631 Sodalitate
1721 1592 1908 1640 quadam
1940 1592 2104 1630 iterum

478 1671 605 1717 atque
632 1668 792 1706 iterum
817 1667 862 1705 in
889 1666 1023 1705 Iliade
1046 1668 1288 1705 memorata
1305 1667 1525 1706 coniuncti
1542 1669 1645 1705 sunt
1663 1668 1834 1713 heroes,
1856 1677 1964 1714 quos
1981 1667 2105 1705 varia

477 1744 529 1782 ob
548 1743 740 1790 ingenia,
760 1742 928 1780 variam
955 1741 1006 1780 ob
1034 1743 1270 1789 staturam,
1301 1742 1561 1790 coniungere
1588 1743 1781 1790 potuisse
1809 1744 1983 1790 poetam
2012 1741 2104 1780 iure

479 1819 668 1858 miraris.
701 1818 940 1865 Utriusque
973 1827 1110 1856 naves
1136 1817 1410 1855 Achaeorum
1439 1817 1483 1854 in
1511 1818 1666 1856 castris
1692 1817 1924 1856 navalibus
1941 1817 2108 1855 vicinas

478 1895 615 1933 fuisse
658 1902 876 1940 nusquam
919 1894 1122 1940 apparet;
1166 1894 1362 1931 attamen
1405 1892 1493 1931 fere
1526 1903 1699 1941 semper
1731 1903 1818 1931 una
1848 1892 2106 1941 procedunt,

479 1969 611 2008 simul
658 1969 930 2015 invocantur,
975 1967 1108 2006 simul
1149 1968 1496 2016 consalutantur,
1540 1978 1626 2006 uno
1667 1967 1945 2007 substantivo
1987 1967 2105 2006 duali

478 2046 619 2083 forma
650 2053 860 2092 expresso
893 2043 1202 2090 designantur:
1241 2042 1406 2081 Αἴαντεῑ

538 2119 733 2158 Gitemus
761 2119 878 2157 locos
911 2118 1129 2166 insignes:

567 2269 598 2305 Β
631 2269 716 2306 406
782 2268 1087 2314 Agamemnon
1121 2267 1173 2304 ad
1205 2276 1360 2304 cenam
1394 2268 1544 2305 vocat:

777 2340 960 2391 Νέστορα
992 2339 1063 2391 μὲν
1093 2341 1290 2391 πρώτιστα
1322 2340 1388 2379 καὶ
1413 2338 1625 2392 Ἰδομενῆα
1656 2342 1839 2380 ,Ἐάνακτα

778 2417 902 2468 αὐτὰρ
937 2413 1053 2456 ἔπειτ’
1089 2417 1238 2455 Αἴαντε
1271 2417 1365 2456 δύω.

566 2495 602 2530 Ε
635 2494 718 2532 519
784 2492 928 2531 Αἴαντε
961 2493 1044 2532 δύω
1076 2491 1143 2530 καὶ
1170 2489 1385 2539 Ὀδυσσεὺς
1417 2491 1483 2530 καὶ
1516 2492 1723 2542 Διομήδης

779 2568 956 2618 ὤτρυνον
991 2567 1179 2614 Δαναοὺς
1211 2563 1490 2617 πολεμιζέμενῖ

569 2646 600 2681 Ζ
633 2644 717 2682 436
780 2643 859 2682 sub
892 2644 1044 2683 Troiae
1077 2654 1226 2683 muros
1257 2644 1497 2692 procedunt
1527 2643 1569 2682 οἱ
1595 2642 1745 2693 ἄριστοι

779 2715 875 2767 ἀμφ’
915 2719 1062 2757 Αἴαντε
1095 2719 1178 2758 δύω
1211 2717 1277 2757 καὶ
1310 2717 1533 2770 ἀγακλυτὸν
1559 2715 1781 2768 Ἰδομενῆα.

567 2797 600 2831 Δ
633 2795 717 2832 273
780 2795 1086 2842 Agamemnon
1121 2795 1267 2843 copias
1298 2795 1516 2834 lustrans:

780 2863 881 2918 ἦλθε
915 2865 950 2906 δ’
987 2866 1044 2906 ἔπ’
1083 2869 1299 2908 Αἱάντεσσε
1330 2869 1428 2908 κιὼν
1461 2868 1537 2906 ἀνὰ
1569 2868 1777 2918 ,Ρουλαμὸν
1809 2868 1988 2919 ἀνδρῶν,

780 2954 888 2991 quas
922 2944 1156 2991 alloquitur
1187 2956 1252 2986 vs.
1287 2946 1394 2984 285:

782 3015 919 3057 Αἴαντ’
960 3020 1139 3070 Ἀργεΐων
1172 3018 1340 3071 ἡγήτορε
1372 3019 1683 3071 χαλκοχιτώνων.
