<?xml version="1.0" encoding="UTF-8"?>
<!DOCTYPE html PUBLIC "-//W3C//DTD XHTML 1.0 Transitional//EN"
    "http://www.w3.org/TR/xhtml1/DTD/xhtml1-transitional.dtd">
<html xmlns="http://www.w3.org/1999/xhtml" xml:lang="en" lang="en">
 <head>
  <title>
</title>
<meta http-equiv="Content-Type" content="text/html;charset=utf-8" />
  <meta name='ocr-system' content='tesseract 3.04.00' />
  <meta name='ocr-capabilities' content='ocr_page ocr_carea ocr_par ocr_line ocrx_word'/>
</head>
<body>
  <div class='ocr_page' id='page_1' title='image "./deaiacisoriginec00vr_0090.png"; bbox 0 0 2200 3487; ppageno 0'>
   <div class='ocr_carea' id='block_1_1' title="bbox 375 353 1297 392">
    <p class='ocr_par' dir='ltr' id='par_1_1' title="bbox 375 353 1297 392">
     <span class='ocr_line' id='line_1_1' title="bbox 375 353 1297 392; baseline -0.002 0"><span class='ocrx_word' id='word_1_1' title='bbox 375 353 428 392; x_wconf 82' lang='lat'>78</span> <span class='ocrx_word' id='word_1_2' title='bbox 1068 361 1121 389; x_wconf 79' lang='lat' dir='ltr'>DE</span> <span class='ocrx_word' id='word_1_3' title='bbox 1153 359 1297 390; x_wconf 74' lang='lat' dir='ltr'>Aerss.</span> 
     </span>
    </p>
   </div>
   <div class='ocr_carea' id='block_1_2' title="bbox 292 470 1994 533">
    <p class='ocr_par' dir='ltr' id='par_1_2' title="bbox 292 470 1994 533">
     <span class='ocr_line' id='line_1_2' title="bbox 292 470 1994 533; baseline -0.003 -18"><span class='ocrx_word' id='word_1_4' title='bbox 292 530 294 533; x_wconf 22' lang='grc' dir='ltr'>Ι</span> <span class='ocrx_word' id='word_1_5' title='bbox 368 481 517 515; x_wconf 82' lang='lat' dir='ltr'>amata</span> <span class='ocrx_word' id='word_1_6' title='bbox 548 478 596 515; x_wconf 90' lang='lat' dir='ltr'>ut</span> <span class='ocrx_word' id='word_1_7' title='bbox 627 477 671 515; x_wconf 90' lang='lat' dir='ltr'>in</span> <span class='ocrx_word' id='word_1_8' title='bbox 704 486 824 515; x_wconf 90' lang='lat' dir='ltr'>mare</span> <span class='ocrx_word' id='word_1_9' title='bbox 856 476 1215 525; x_wconf 76' lang='lat' dir='ltr'>praecipitaretur</span> <span class='ocrx_word' id='word_1_10' title='bbox 1247 476 1364 514; x_wconf 92' lang='lat' dir='ltr'>sorte</span> <span class='ocrx_word' id='word_1_11' title='bbox 1397 474 1536 513; x_wconf 88' lang='lat' dir='ltr'>electa</span> <span class='ocrx_word' id='word_1_12' title='bbox 1566 475 1647 513; x_wconf 88' lang='lat' dir='ltr'>est.</span> <span class='ocrx_word' id='word_1_13' title='bbox 1691 472 1802 512; x_wconf 91' lang='lat' dir='ltr'>Tum</span> <span class='ocrx_word' id='word_1_14' title='bbox 1830 470 1994 510; x_wconf 88' lang='lat' dir='ltr'>Enalus</span> 
     </span>
    </p>
   </div>
   <div class='ocr_carea' id='block_1_3' title="bbox 367 549 2014 3079">
    <p class='ocr_par' dir='ltr' id='par_1_3' title="bbox 367 549 2004 1354">
     <span class='ocr_line' id='line_1_3' title="bbox 370 549 1994 601; baseline -0.003 -10"><span class='ocrx_word' id='word_1_15' title='bbox 370 554 587 601; x_wconf 89' lang='lat' dir='ltr'>virginem</span> <span class='ocrx_word' id='word_1_16' title='bbox 630 552 862 600; x_wconf 81' lang='lat' dir='ltr'>ampiexus</span> <span class='ocrx_word' id='word_1_17' title='bbox 903 561 990 589; x_wconf 89' lang='lat' dir='ltr'>una</span> <span class='ocrx_word' id='word_1_18' title='bbox 1022 561 1121 589; x_wconf 92' lang='lat' dir='ltr'>cum</span> <span class='ocrx_word' id='word_1_19' title='bbox 1155 560 1205 589; x_wconf 89' lang='lat' dir='ltr'>ea</span> <span class='ocrx_word' id='word_1_20' title='bbox 1237 550 1281 588; x_wconf 91' lang='lat' dir='ltr'>in</span> <span class='ocrx_word' id='word_1_21' title='bbox 1314 550 1452 588; x_wconf 88' lang='lat' dir='ltr'>undas</span> <span class='ocrx_word' id='word_1_22' title='bbox 1483 549 1659 587; x_wconf 79' lang='lat' dir='ltr'>desiluit</span> <span class='ocrx_word' id='word_1_23' title='bbox 1692 558 1875 596; x_wconf 89' lang='lat' dir='ltr'>eamque</span> <span class='ocrx_word' id='word_1_24' title='bbox 1908 558 1994 586; x_wconf 90' lang='lat' dir='ltr'>ser-</span> 
     </span>
     <span class='ocr_line' id='line_1_4' title="bbox 372 623 1996 675; baseline -0.004 -8"><span class='ocrx_word' id='word_1_25' title='bbox 372 629 506 667; x_wconf 87' lang='lat' dir='ltr'>vavit.</span> <span class='ocrx_word' id='word_1_26' title='bbox 541 628 699 666; x_wconf 87' lang='lat' dir='ltr'>Postea</span> <span class='ocrx_word' id='word_1_27' title='bbox 732 637 848 675; x_wconf 91' lang='lat' dir='ltr'>vero,</span> <span class='ocrx_word' id='word_1_28' title='bbox 886 636 984 665; x_wconf 92' lang='lat' dir='ltr'>cum</span> <span class='ocrx_word' id='word_1_29' title='bbox 1018 625 1162 664; x_wconf 91' lang='lat' dir='ltr'>subito</span> <span class='ocrx_word' id='word_1_30' title='bbox 1194 625 1351 663; x_wconf 84' lang='lat' dir='ltr'>fluctus</span> <span class='ocrx_word' id='word_1_31' title='bbox 1383 625 1497 662; x_wconf 86' lang='lat' dir='ltr'>circa</span> <span class='ocrx_word' id='word_1_32' title='bbox 1529 623 1721 662; x_wconf 88' lang='lat' dir='ltr'>insulam</span> <span class='ocrx_word' id='word_1_33' title='bbox 1746 623 1996 662; x_wconf 83' lang='lat' dir='ltr'>attolleren-</span> 
     </span>
     <span class='ocr_line' id='line_1_5' title="bbox 367 698 1996 752; baseline -0.002 -11"><span class='ocrx_word' id='word_1_34' title='bbox 367 706 452 752; x_wconf 90' lang='lat' dir='ltr'>tur,</span> <span class='ocrx_word' id='word_1_35' title='bbox 485 703 647 741; x_wconf 88' lang='lat' dir='ltr'>Enalus</span> <span class='ocrx_word' id='word_1_36' title='bbox 678 702 798 740; x_wconf 87' lang='lat' dir='ltr'>solus</span> <span class='ocrx_word' id='word_1_37' title='bbox 832 701 883 740; x_wconf 90' lang='lat' dir='ltr'>ad</span> <span class='ocrx_word' id='word_1_38' title='bbox 922 701 1028 739; x_wconf 86' lang='lat' dir='ltr'>litus</span> <span class='ocrx_word' id='word_1_39' title='bbox 1072 700 1270 738; x_wconf 73' lang='lat' dir='ltr'>accessit.</span> <span class='ocrx_word' id='word_1_40' title='bbox 1316 699 1423 737; x_wconf 89' lang='lat' dir='ltr'>Ecce</span> <span class='ocrx_word' id='word_1_41' title='bbox 1467 709 1488 737; x_wconf 92' lang='lat' dir='ltr'>e</span> <span class='ocrx_word' id='word_1_42' title='bbox 1530 699 1723 747; x_wconf 79' lang='lat' dir='ltr'>polypis,</span> <span class='ocrx_word' id='word_1_43' title='bbox 1763 699 1836 746; x_wconf 90' lang='lat' dir='ltr'>qui</span> <span class='ocrx_word' id='word_1_44' title='bbox 1878 698 1996 737; x_wconf 86' lang='lat' dir='ltr'>litori</span> 
     </span>
     <span class='ocr_line' id='line_1_6' title="bbox 371 773 1995 827; baseline -0.004 -10"><span class='ocrx_word' id='word_1_45' title='bbox 371 778 775 827; x_wconf 81' lang='lat' dir='ltr'>appropinquabant</span> <span class='ocrx_word' id='word_1_46' title='bbox 815 777 1039 814; x_wconf 80' lang='lat' dir='ltr'>maximus</span> <span class='ocrx_word' id='word_1_47' title='bbox 1081 775 1259 823; x_wconf 82' lang='lat' dir='ltr'>gerebat</span> <span class='ocrx_word' id='word_1_48' title='bbox 1306 774 1515 822; x_wconf 86' lang='lat' dir='ltr'>lapidem,</span> <span class='ocrx_word' id='word_1_49' title='bbox 1561 784 1690 821; x_wconf 88' lang='lat' dir='ltr'>quem</span> <span class='ocrx_word' id='word_1_50' title='bbox 1733 773 1894 812; x_wconf 88' lang='lat' dir='ltr'>Enalus</span> <span class='ocrx_word' id='word_1_51' title='bbox 1936 773 1995 811; x_wconf 91' lang='lat' dir='ltr'>ibi</span> 
     </span>
     <span class='ocr_line' id='line_1_7' title="bbox 373 846 2002 903; baseline -0.005 -10"><span class='ocrx_word' id='word_1_52' title='bbox 373 854 571 903; x_wconf 90' lang='lat' dir='ltr'>deposuit</span> <span class='ocrx_word' id='word_1_53' title='bbox 619 853 906 901; x_wconf 82' lang='lat' dir='ltr'>Neptunoque</span> <span class='ocrx_word' id='word_1_54' title='bbox 949 851 1182 889; x_wconf 87' lang='lat' dir='ltr'>dedicavit.</span> <span class='ocrx_word' id='word_1_55' title='bbox 1223 847 1303 886; x_wconf 78' lang='grc' dir='ltr'>Καὶ</span> <span class='ocrx_word' id='word_1_56' title='bbox 1345 853 1487 886; x_wconf 79' lang='grc' dir='ltr'><em>τοῦτον</em></span> <span class='ocrx_word' id='word_1_57' title='bbox 1521 849 1802 896; x_wconf 81' lang='lat' dir='ltr'>(Neptunum)</span> <span class='ocrx_word' id='word_1_58' title='bbox 1827 846 2002 886; x_wconf 67' lang='grc' dir='ltr'><em>Ἔναλον</em></span> 
     </span>
     <span class='ocr_line' id='line_1_8' title="bbox 373 925 1491 979; baseline -0.005 -11"><span class='ocrx_word' id='word_1_59' title='bbox 373 933 573 979; x_wconf 73' lang='grc' dir='ltr'><em>καλοῦμεν</em></span> <span class='ocrx_word' id='word_1_60' title='bbox 607 928 724 967; x_wconf 83' lang='lat' dir='ltr'>addit</span> <span class='ocrx_word' id='word_1_61' title='bbox 757 926 1018 965; x_wconf 85' lang='lat' dir='ltr'>Plutarchus</span> <span class='ocrx_word' id='word_1_62' title='bbox 1051 925 1144 970; x_wconf 86' lang='lat' dir='ltr'>(VH</span> <span class='ocrx_word' id='word_1_63' title='bbox 1179 925 1372 972; x_wconf 84' lang='lat' dir='ltr'>Sapient.</span> <span class='ocrx_word' id='word_1_64' title='bbox 1407 925 1491 969; x_wconf 83' lang='lat'>30).</span> 
     </span>
     <span class='ocr_line' id='line_1_9' title="bbox 432 998 2001 1048; baseline -0.004 -4"><span class='ocrx_word' id='word_1_65' title='bbox 432 1006 602 1044; x_wconf 86' lang='lat' dir='ltr'>Revera</span> <span class='ocrx_word' id='word_1_66' title='bbox 628 1003 828 1041; x_wconf 88' lang='lat' dir='ltr'>Enalium</span> <span class='ocrx_word' id='word_1_67' title='bbox 857 1002 994 1040; x_wconf 86' lang='lat' dir='ltr'>fuisse</span> <span class='ocrx_word' id='word_1_68' title='bbox 1021 1001 1270 1048; x_wconf 89' lang='lat' dir='ltr'>Neptunum</span> <span class='ocrx_word' id='word_1_69' title='bbox 1297 1000 1422 1038; x_wconf 89' lang='lat' dir='ltr'>docet</span> <span class='ocrx_word' id='word_1_70' title='bbox 1449 999 1663 1039; x_wconf 87' lang='lat' dir='ltr'>Pindarus</span> <span class='ocrx_word' id='word_1_71' title='bbox 1690 998 1819 1046; x_wconf 89' lang='lat' dir='ltr'>Pyth.</span> <span class='ocrx_word' id='word_1_72' title='bbox 1839 998 1897 1036; x_wconf 90' lang='lat' dir='ltr'>IV</span> <span class='ocrx_word' id='word_1_73' title='bbox 1916 999 2001 1038; x_wconf 85' lang='lat'>363</span> 
     </span>
     <span class='ocr_line' id='line_1_10' title="bbox 853 1072 1520 1127; baseline -0.003 -13"><span class='ocrx_word' id='word_1_74' title='bbox 853 1073 940 1115; x_wconf 81' lang='grc' dir='ltr'><em>ἔνθ’</em></span> <span class='ocrx_word' id='word_1_75' title='bbox 978 1073 1102 1127; x_wconf 78' lang='grc' dir='ltr'><em>ἁγνὸν</em></span> <span class='ocrx_word' id='word_1_76' title='bbox 1137 1075 1425 1121; x_wconf 80' lang='grc' dir='ltr'><em>Ποσειδάωνος</em></span> <span class='ocrx_word' id='word_1_77' title='bbox 1458 1072 1520 1112; x_wconf 76' lang='grc' dir='ltr'>ἕσ-</span> 
     </span>
     <span class='ocr_line' id='line_1_11' title="bbox 848 1147 1370 1200; baseline -0.004 -11"><span class='ocrx_word' id='word_1_78' title='bbox 848 1147 952 1189; x_wconf 80' lang='grc' dir='ltr'><em>σαντ’</em></span> <span class='ocrx_word' id='word_1_79' title='bbox 988 1150 1164 1189; x_wconf 81' lang='grc' dir='ltr'><em>εἰναλίου</em></span> <span class='ocrx_word' id='word_1_80' title='bbox 1197 1149 1370 1200; x_wconf 77' lang='grc' dir='ltr'><em>τέμενος.</em></span> 
     </span>
     <span class='ocr_line' id='line_1_12' title="bbox 377 1225 2004 1279; baseline -0.005 -9"><span class='ocrx_word' id='word_1_81' title='bbox 377 1232 438 1270; x_wconf 89' lang='lat' dir='ltr'>Ob</span> <span class='ocrx_word' id='word_1_82' title='bbox 481 1230 670 1279; x_wconf 86' lang='lat' dir='ltr'>lapidem</span> <span class='ocrx_word' id='word_1_83' title='bbox 714 1229 879 1267; x_wconf 89' lang='lat' dir='ltr'>iactum</span> <span class='ocrx_word' id='word_1_84' title='bbox 921 1228 1014 1266; x_wconf 91' lang='lat' dir='ltr'>iure</span> <span class='ocrx_word' id='word_1_85' title='bbox 1046 1227 1237 1265; x_wconf 88' lang='lat' dir='ltr'>fortasse</span> <span class='ocrx_word' id='word_1_86' title='bbox 1271 1226 1512 1265; x_wconf 89' lang='lat' dir='ltr'>contuleris</span> <span class='ocrx_word' id='word_1_87' title='bbox 1545 1225 1776 1263; x_wconf 80' lang='grc' dir='ltr'><em>Ποσειδᾶνα</em></span> <span class='ocrx_word' id='word_1_88' title='bbox 1804 1227 2004 1275; x_wconf 80' lang='grc' dir='ltr'><em>Πετραῖον</em></span> 
     </span>
     <span class='ocr_line' id='line_1_13' title="bbox 374 1303 1038 1354; baseline -0.008 -9"><span class='ocrx_word' id='word_1_89' title='bbox 374 1306 531 1351; x_wconf 76' lang='lat' dir='ltr'>(Schol.</span> <span class='ocrx_word' id='word_1_90' title='bbox 565 1305 764 1354; x_wconf 89' lang='lat' dir='ltr'>Apollon.</span> <span class='ocrx_word' id='word_1_91' title='bbox 799 1304 861 1341; x_wconf 86' lang='lat' dir='ltr'>HI</span> <span class='ocrx_word' id='word_1_92' title='bbox 898 1303 1038 1348; x_wconf 78' lang='lat'>1243).</span> 
     </span>
    </p>

    <p class='ocr_par' dir='ltr' id='par_1_4' title="bbox 374 1376 2007 1656">
     <span class='ocr_line' id='line_1_14' title="bbox 434 1376 2004 1426; baseline -0.004 -6"><span class='ocrx_word' id='word_1_93' title='bbox 434 1382 580 1420; x_wconf 89' lang='lat' dir='ltr'>Habes</span> <span class='ocrx_word' id='word_1_94' title='bbox 626 1381 695 1418; x_wconf 87' lang='lat' dir='ltr'>hic</span> <span class='ocrx_word' id='word_1_95' title='bbox 742 1388 910 1426; x_wconf 86' lang='lat' dir='ltr'>quoque</span> <span class='ocrx_word' id='word_1_96' title='bbox 952 1379 1002 1416; x_wconf 88' lang='lat' dir='ltr'>ut</span> <span class='ocrx_word' id='word_1_97' title='bbox 1041 1378 1085 1415; x_wconf 91' lang='lat' dir='ltr'>in</span> <span class='ocrx_word' id='word_1_98' title='bbox 1128 1377 1348 1415; x_wconf 81' lang='lat' dir='ltr'>Salamine</span> <span class='ocrx_word' id='word_1_99' title='bbox 1389 1376 1582 1425; x_wconf 88' lang='lat' dir='ltr'>lapidem</span> <span class='ocrx_word' id='word_1_100' title='bbox 1623 1386 1754 1424; x_wconf 89' lang='lat' dir='ltr'>prope</span> <span class='ocrx_word' id='word_1_101' title='bbox 1793 1376 1844 1414; x_wconf 90' lang='lat' dir='ltr'>ab</span> <span class='ocrx_word' id='word_1_102' title='bbox 1877 1376 2004 1415; x_wconf 88' lang='lat' dir='ltr'>litore</span> 
     </span>
     <span class='ocr_line' id='line_1_15' title="bbox 375 1451 2002 1506; baseline -0.004 -10"><span class='ocrx_word' id='word_1_103' title='bbox 375 1458 566 1506; x_wconf 90' lang='lat' dir='ltr'>positum</span> <span class='ocrx_word' id='word_1_104' title='bbox 599 1456 763 1503; x_wconf 91' lang='lat' dir='ltr'>deoque</span> <span class='ocrx_word' id='word_1_105' title='bbox 796 1454 967 1492; x_wconf 89' lang='lat' dir='ltr'>marino</span> <span class='ocrx_word' id='word_1_106' title='bbox 1001 1452 1273 1500; x_wconf 86' lang='lat' dir='ltr'>dedicatum;</span> <span class='ocrx_word' id='word_1_107' title='bbox 1315 1452 1386 1490; x_wconf 90' lang='lat' dir='ltr'>hic</span> <span class='ocrx_word' id='word_1_108' title='bbox 1417 1461 1588 1499; x_wconf 89' lang='lat' dir='ltr'>quoque</span> <span class='ocrx_word' id='word_1_109' title='bbox 1619 1451 1840 1499; x_wconf 87' lang='lat' dir='ltr'>virginem</span> <span class='ocrx_word' id='word_1_110' title='bbox 1873 1462 1897 1490; x_wconf 88' lang='lat' dir='ltr'>a</span> <span class='ocrx_word' id='word_1_111' title='bbox 1929 1462 2002 1490; x_wconf 91' lang='lat' dir='ltr'>nu-</span> 
     </span>
     <span class='ocr_line' id='line_1_16' title="bbox 374 1526 2007 1578; baseline -0.004 -7"><span class='ocrx_word' id='word_1_112' title='bbox 374 1533 492 1571; x_wconf 88' lang='lat' dir='ltr'>mine</span> <span class='ocrx_word' id='word_1_113' title='bbox 533 1540 745 1578; x_wconf 87' lang='lat' dir='ltr'>aquarum</span> <span class='ocrx_word' id='word_1_114' title='bbox 790 1530 985 1568; x_wconf 86' lang='lat' dir='ltr'>amatam</span> <span class='ocrx_word' id='word_1_115' title='bbox 1019 1529 1062 1567; x_wconf 90' lang='lat' dir='ltr'>et</span> <span class='ocrx_word' id='word_1_116' title='bbox 1094 1528 1334 1566; x_wconf 84' lang='lat' dir='ltr'>servatam.</span> <span class='ocrx_word' id='word_1_117' title='bbox 1366 1527 1537 1566; x_wconf 89' lang='lat' dir='ltr'>Nomen</span> <span class='ocrx_word' id='word_1_118' title='bbox 1569 1527 1739 1575; x_wconf 89' lang='lat' dir='ltr'>puellae</span> <span class='ocrx_word' id='word_1_119' title='bbox 1772 1526 2007 1565; x_wconf 88' lang='lat' dir='ltr'>Lesbiacae</span> 
     </span>
     <span class='ocr_line' id='line_1_17' title="bbox 375 1603 1593 1656; baseline -0.004 -9"><span class='ocrx_word' id='word_1_120' title='bbox 375 1608 539 1656; x_wconf 82' lang='lat' dir='ltr'>Chryse</span> <span class='ocrx_word' id='word_1_121' title='bbox 571 1606 639 1646; x_wconf 90' lang='lat' dir='ltr'>vel</span> <span class='ocrx_word' id='word_1_122' title='bbox 674 1606 854 1654; x_wconf 83' lang='lat' dir='ltr'>Apriate</span> <span class='ocrx_word' id='word_1_123' title='bbox 886 1605 981 1649; x_wconf 90' lang='lat' dir='ltr'>(hoc</span> <span class='ocrx_word' id='word_1_124' title='bbox 1013 1604 1193 1642; x_wconf 89' lang='lat' dir='ltr'>ductum</span> <span class='ocrx_word' id='word_1_125' title='bbox 1227 1613 1282 1642; x_wconf 81' lang='lat' dir='ltr'>ex</span> <span class='ocrx_word' id='word_1_126' title='bbox 1314 1605 1352 1640; x_wconf 90' lang='lat' dir='ltr'><em>A</em></span> <span class='ocrx_word' id='word_1_127' title='bbox 1384 1603 1453 1648; x_wconf 81' lang='lat'>99)</span> <span class='ocrx_word' id='word_1_128' title='bbox 1487 1604 1593 1642; x_wconf 90' lang='lat' dir='ltr'>erat.</span> 
     </span>
    </p>

    <p class='ocr_par' dir='ltr' id='par_1_5' title="bbox 373 1678 2011 2032">
     <span class='ocr_line' id='line_1_18' title="bbox 436 1678 2006 1730; baseline -0.003 -9"><span class='ocrx_word' id='word_1_129' title='bbox 436 1683 516 1722; x_wconf 82' lang='lat' dir='ltr'>Sed</span> <span class='ocrx_word' id='word_1_130' title='bbox 560 1692 695 1730; x_wconf 81' lang='lat' dir='ltr'>negas</span> <span class='ocrx_word' id='word_1_131' title='bbox 732 1680 958 1719; x_wconf 91' lang='lat' dir='ltr'>vinculum</span> <span class='ocrx_word' id='word_1_132' title='bbox 992 1679 1158 1718; x_wconf 89' lang='lat' dir='ltr'>arctius</span> <span class='ocrx_word' id='word_1_133' title='bbox 1190 1679 1305 1717; x_wconf 87' lang='lat' dir='ltr'>inter</span> <span class='ocrx_word' id='word_1_134' title='bbox 1337 1678 1531 1716; x_wconf 89' lang='lat' dir='ltr'>fabulam</span> <span class='ocrx_word' id='word_1_135' title='bbox 1564 1678 1800 1717; x_wconf 86' lang='lat' dir='ltr'>Euboicam</span> <span class='ocrx_word' id='word_1_136' title='bbox 1834 1680 1878 1716; x_wconf 86' lang='lat' dir='ltr'>et</span> <span class='ocrx_word' id='word_1_137' title='bbox 1910 1679 2006 1717; x_wconf 89' lang='lat' dir='ltr'>Les-</span> 
     </span>
     <span class='ocr_line' id='line_1_19' title="bbox 374 1754 2011 1802; baseline -0.003 -4"><span class='ocrx_word' id='word_1_138' title='bbox 374 1760 545 1798; x_wconf 89' lang='lat' dir='ltr'>biacam</span> <span class='ocrx_word' id='word_1_139' title='bbox 578 1759 756 1796; x_wconf 75' lang='lat' dir='ltr'>exstare</span> <span class='ocrx_word' id='word_1_140' title='bbox 788 1756 833 1794; x_wconf 90' lang='lat' dir='ltr'>ni</span> <span class='ocrx_word' id='word_1_141' title='bbox 865 1755 1055 1795; x_wconf 87' lang='lat' dir='ltr'>validius</span> <span class='ocrx_word' id='word_1_142' title='bbox 1083 1755 1291 1793; x_wconf 86' lang='lat' dir='ltr'>afferatur</span> <span class='ocrx_word' id='word_1_143' title='bbox 1317 1756 1645 1802; x_wconf 84' lang='lat' dir='ltr'>argumentum.</span> <span class='ocrx_word' id='word_1_144' title='bbox 1669 1754 1804 1793; x_wconf 90' lang='lat' dir='ltr'>Volve</span> <span class='ocrx_word' id='word_1_145' title='bbox 1832 1755 2011 1793; x_wconf 81' lang='lat' dir='ltr'>Parthe-</span> 
     </span>
     <span class='ocr_line' id='line_1_20' title="bbox 376 1829 2007 1882; baseline -0.002 -9"><span class='ocrx_word' id='word_1_146' title='bbox 376 1836 515 1882; x_wconf 87' lang='lat' dir='ltr'>nium,</span> <span class='ocrx_word' id='word_1_147' title='bbox 566 1833 639 1872; x_wconf 90' lang='lat' dir='ltr'>ubi</span> <span class='ocrx_word' id='word_1_148' title='bbox 685 1833 794 1881; x_wconf 88' lang='lat' dir='ltr'>legis</span> <span class='ocrx_word' id='word_1_149' title='bbox 843 1832 980 1877; x_wconf 88' lang='lat' dir='ltr'>(Narr.</span> <span class='ocrx_word' id='word_1_150' title='bbox 1018 1832 1114 1870; x_wconf 87' lang='lat' dir='ltr'>Am.</span> <span class='ocrx_word' id='word_1_151' title='bbox 1151 1831 1242 1875; x_wconf 82' lang='lat'>26):</span> <span class='ocrx_word' id='word_1_152' title='bbox 1296 1830 1581 1878; x_wconf 82' lang='lat' dir='ltr'>„Trambelus</span> <span class='ocrx_word' id='word_1_153' title='bbox 1628 1830 1860 1869; x_wconf 59' lang='lat' dir='ltr'>Telamonis</span> <span class='ocrx_word' id='word_1_154' title='bbox 1891 1829 2007 1870; x_wconf 87' lang='lat' dir='ltr'>filius</span> 
     </span>
     <span class='ocr_line' id='line_1_21' title="bbox 373 1905 2007 1957; baseline -0.002 -8"><span class='ocrx_word' id='word_1_155' title='bbox 373 1911 538 1949; x_wconf 83' lang='lat' dir='ltr'>frustra</span> <span class='ocrx_word' id='word_1_156' title='bbox 570 1909 749 1948; x_wconf 89' lang='lat' dir='ltr'>amabat</span> <span class='ocrx_word' id='word_1_157' title='bbox 781 1908 982 1957; x_wconf 77' lang='lat' dir='ltr'>Apriaten</span> <span class='ocrx_word' id='word_1_158' title='bbox 1015 1908 1231 1955; x_wconf 86' lang='lat' dir='ltr'>virginem</span> <span class='ocrx_word' id='word_1_159' title='bbox 1264 1905 1526 1955; x_wconf 77' lang='lat' dir='ltr'>Lesbiacam,</span> <span class='ocrx_word' id='word_1_160' title='bbox 1556 1917 1706 1955; x_wconf 88' lang='lat' dir='ltr'>quam,</span> <span class='ocrx_word' id='word_1_161' title='bbox 1738 1917 1836 1946; x_wconf 90' lang='lat' dir='ltr'>cum</span> <span class='ocrx_word' id='word_1_162' title='bbox 1863 1908 2007 1947; x_wconf 78' lang='lat' dir='ltr'>vitiare</span> 
     </span>
     <span class='ocr_line' id='line_1_22' title="bbox 375 1982 2006 2032; baseline -0.001 -9"><span class='ocrx_word' id='word_1_163' title='bbox 375 1985 508 2024; x_wconf 90' lang='lat' dir='ltr'>vellet</span> <span class='ocrx_word' id='word_1_164' title='bbox 538 1985 768 2032; x_wconf 88' lang='lat' dir='ltr'>miseram,</span> <span class='ocrx_word' id='word_1_165' title='bbox 802 1984 1060 2032; x_wconf 82' lang='lat' dir='ltr'>persecutus</span> <span class='ocrx_word' id='word_1_166' title='bbox 1094 1983 1162 2021; x_wconf 83' lang='lat' dir='ltr'>est</span> <span class='ocrx_word' id='word_1_167' title='bbox 1194 1982 1330 2020; x_wconf 88' lang='lat' dir='ltr'>donec</span> <span class='ocrx_word' id='word_1_168' title='bbox 1362 1982 1405 2020; x_wconf 90' lang='lat' dir='ltr'>in</span> <span class='ocrx_word' id='word_1_169' title='bbox 1432 1992 1553 2021; x_wconf 90' lang='lat' dir='ltr'>mare</span> <span class='ocrx_word' id='word_1_170' title='bbox 1579 1992 1626 2021; x_wconf 90' lang='lat' dir='ltr'>se</span> <span class='ocrx_word' id='word_1_171' title='bbox 1659 1983 2006 2031; x_wconf 84' lang='lat' dir='ltr'>praecipitaret”.</span> 
     </span>
    </p>

    <p class='ocr_par' dir='ltr' id='par_1_6' title="bbox 376 2058 2009 2335">
     <span class='ocr_line' id='line_1_23' title="bbox 433 2058 2008 2108; baseline -0.001 -9"><span class='ocrx_word' id='word_1_172' title='bbox 433 2060 621 2099; x_wconf 88' lang='lat' dir='ltr'>Videsne</span> <span class='ocrx_word' id='word_1_173' title='bbox 655 2060 766 2098; x_wconf 91' lang='lat' dir='ltr'>hanc</span> <span class='ocrx_word' id='word_1_174' title='bbox 798 2059 1096 2097; x_wconf 88' lang='lat' dir='ltr'>narrationem</span> <span class='ocrx_word' id='word_1_175' title='bbox 1130 2058 1255 2105; x_wconf 84' lang='lat' dir='ltr'>quasi</span> <span class='ocrx_word' id='word_1_176' title='bbox 1288 2058 1434 2108; x_wconf 74' lang='grc' dir='ltr'><em>ζεῦγμα</em></span> <span class='ocrx_word' id='word_1_177' title='bbox 1467 2058 1728 2106; x_wconf 89' lang='lat' dir='ltr'>coniungere</span> <span class='ocrx_word' id='word_1_178' title='bbox 1757 2058 2008 2098; x_wconf 86' lang='lat' dir='ltr'>Telamonis</span> 
     </span>
     <span class='ocr_line' id='line_1_24' title="bbox 376 2133 2006 2184; baseline -0.001 -9"><span class='ocrx_word' id='word_1_179' title='bbox 376 2139 503 2184; x_wconf 85' lang='lat' dir='ltr'>atque</span> <span class='ocrx_word' id='word_1_180' title='bbox 536 2136 659 2174; x_wconf 88' lang='lat' dir='ltr'>Enali</span> <span class='ocrx_word' id='word_1_181' title='bbox 690 2135 888 2174; x_wconf 86' lang='lat' dir='ltr'>fabellas.</span> <span class='ocrx_word' id='word_1_182' title='bbox 923 2134 1102 2172; x_wconf 86' lang='lat' dir='ltr'>Telamo</span> <span class='ocrx_word' id='word_1_183' title='bbox 1135 2134 1312 2172; x_wconf 90' lang='lat' dir='ltr'>amabat</span> <span class='ocrx_word' id='word_1_184' title='bbox 1344 2133 1634 2182; x_wconf 87' lang='lat' dir='ltr'>nescientem,</span> <span class='ocrx_word' id='word_1_185' title='bbox 1669 2133 1831 2172; x_wconf 88' lang='lat' dir='ltr'>Enalus</span> <span class='ocrx_word' id='word_1_186' title='bbox 1864 2134 2006 2173; x_wconf 91' lang='lat' dir='ltr'>volen-</span> 
     </span>
     <span class='ocr_line' id='line_1_25' title="bbox 376 2209 2009 2261; baseline -0.001 -10"><span class='ocrx_word' id='word_1_187' title='bbox 376 2215 484 2261; x_wconf 86' lang='lat' dir='ltr'>tem,</span> <span class='ocrx_word' id='word_1_188' title='bbox 519 2211 776 2251; x_wconf 87' lang='lat' dir='ltr'>Trambelus</span> <span class='ocrx_word' id='word_1_189' title='bbox 809 2211 1052 2257; x_wconf 87' lang='lat' dir='ltr'>nolentem;</span> <span class='ocrx_word' id='word_1_190' title='bbox 1088 2210 1163 2249; x_wconf 89' lang='lat' dir='ltr'>sed</span> <span class='ocrx_word' id='word_1_191' title='bbox 1192 2211 1259 2248; x_wconf 90' lang='lat' dir='ltr'>ter</span> <span class='ocrx_word' id='word_1_192' title='bbox 1286 2209 1430 2257; x_wconf 87' lang='lat' dir='ltr'>agitur</span> <span class='ocrx_word' id='word_1_193' title='bbox 1457 2209 1507 2247; x_wconf 90' lang='lat' dir='ltr'>de</span> <span class='ocrx_word' id='word_1_194' title='bbox 1535 2209 1614 2248; x_wconf 90' lang='lat' dir='ltr'>deo</span> <span class='ocrx_word' id='word_1_195' title='bbox 1641 2209 1810 2248; x_wconf 90' lang='lat' dir='ltr'>marino</span> <span class='ocrx_word' id='word_1_196' title='bbox 1838 2209 2009 2258; x_wconf 89' lang='lat' dir='ltr'>puellae</span> 
     </span>
     <span class='ocr_line' id='line_1_26' title="bbox 377 2285 1730 2335; baseline -0.002 -9"><span class='ocrx_word' id='word_1_197' title='bbox 377 2290 573 2326; x_wconf 86' lang='lat' dir='ltr'>amatore</span> <span class='ocrx_word' id='word_1_198' title='bbox 606 2288 742 2335; x_wconf 86' lang='lat' dir='ltr'>deque</span> <span class='ocrx_word' id='word_1_199' title='bbox 775 2286 922 2335; x_wconf 88' lang='lat' dir='ltr'>puella</span> <span class='ocrx_word' id='word_1_200' title='bbox 954 2286 998 2324; x_wconf 94' lang='lat' dir='ltr'>in</span> <span class='ocrx_word' id='word_1_201' title='bbox 1030 2286 1143 2324; x_wconf 91' lang='lat' dir='ltr'>mari</span> <span class='ocrx_word' id='word_1_202' title='bbox 1176 2285 1245 2324; x_wconf 89' lang='lat' dir='ltr'>vel</span> <span class='ocrx_word' id='word_1_203' title='bbox 1277 2296 1354 2333; x_wconf 89' lang='lat' dir='ltr'>per</span> <span class='ocrx_word' id='word_1_204' title='bbox 1386 2295 1508 2323; x_wconf 91' lang='lat' dir='ltr'>mare</span> <span class='ocrx_word' id='word_1_205' title='bbox 1541 2286 1730 2323; x_wconf 87' lang='lat' dir='ltr'>servata.</span> 
     </span>
    </p>

    <p class='ocr_par' dir='ltr' id='par_1_7' title="bbox 372 2359 2011 2713">
     <span class='ocr_line' id='line_1_27' title="bbox 437 2359 2011 2410; baseline -0.001 -9"><span class='ocrx_word' id='word_1_206' title='bbox 437 2363 588 2402; x_wconf 90' lang='lat' dir='ltr'>Melius</span> <span class='ocrx_word' id='word_1_207' title='bbox 629 2363 765 2401; x_wconf 90' lang='lat' dir='ltr'>etiam</span> <span class='ocrx_word' id='word_1_208' title='bbox 797 2362 1035 2410; x_wconf 87' lang='lat' dir='ltr'>perspicies</span> <span class='ocrx_word' id='word_1_209' title='bbox 1068 2361 1399 2409; x_wconf 84' lang='lat' dir='ltr'>congruentiam</span> <span class='ocrx_word' id='word_1_210' title='bbox 1436 2360 1617 2399; x_wconf 81' lang='lat' dir='ltr'>adiectis</span> <span class='ocrx_word' id='word_1_211' title='bbox 1649 2359 1834 2399; x_wconf 87' lang='lat' dir='ltr'>Tzetzae</span> <span class='ocrx_word' id='word_1_212' title='bbox 1867 2360 2011 2399; x_wconf 89' lang='lat' dir='ltr'>verbis</span> 
     </span>
     <span class='ocr_line' id='line_1_28' title="bbox 379 2432 2009 2486; baseline -0.002 -9"><span class='ocrx_word' id='word_1_213' title='bbox 379 2439 431 2477; x_wconf 76' lang='lat' dir='ltr'>ad</span> <span class='ocrx_word' id='word_1_214' title='bbox 463 2439 672 2486; x_wconf 82' lang='lat' dir='ltr'>Lycophr.</span> <span class='ocrx_word' id='word_1_215' title='bbox 708 2438 831 2476; x_wconf 74' lang='lat' dir='ltr'>Alex.</span> <span class='ocrx_word' id='word_1_216' title='bbox 866 2438 974 2476; x_wconf 79' lang='lat'>467:</span> <span class='ocrx_word' id='word_1_217' title='bbox 1013 2435 1134 2486; x_wconf 66' lang='grc' dir='ltr'><em>ημετὰ</em></span> <span class='ocrx_word' id='word_1_218' title='bbox 1166 2434 1237 2486; x_wconf 82' lang='grc' dir='ltr'>τὴν</span> <span class='ocrx_word' id='word_1_219' title='bbox 1261 2432 1381 2473; x_wconf 88' lang='grc' dir='ltr'><em>Ἰλίου</em></span> <span class='ocrx_word' id='word_1_220' title='bbox 1410 2434 1556 2473; x_wconf 68' lang='grc' dir='ltr'><em>ἅλωσιν</em></span> <span class='ocrx_word' id='word_1_221' title='bbox 1583 2433 1655 2485; x_wconf 82' lang='grc' dir='ltr'>τὴν</span> <span class='ocrx_word' id='word_1_222' title='bbox 1683 2433 1903 2486; x_wconf 73' lang='grc' dir='ltr'><em>γενομένην</em></span> <span class='ocrx_word' id='word_1_223' title='bbox 1929 2434 2009 2474; x_wconf 80' lang='grc' dir='ltr'>ὑπὸ</span> 
     </span>
     <span class='ocr_line' id='line_1_29' title="bbox 372 2507 2009 2564; baseline -0.002 -13"><span class='ocrx_word' id='word_1_224' title='bbox 372 2510 616 2564; x_wconf 71' lang='grc' dir='ltr'><em>Ἡρακλέους</em></span> <span class='ocrx_word' id='word_1_225' title='bbox 668 2511 855 2562; x_wconf 76' lang='grc' dir='ltr'><em>Τελαμὼν</em></span> <span class='ocrx_word' id='word_1_226' title='bbox 905 2511 1019 2563; x_wconf 73' lang='grc' dir='ltr'><em>ἔλαβε</em></span> <span class='ocrx_word' id='word_1_227' title='bbox 1052 2510 1169 2564; x_wconf 80' lang='grc' dir='ltr'><em>γέρας</em></span> <span class='ocrx_word' id='word_1_228' title='bbox 1212 2509 1411 2562; x_wconf 78' lang='grc' dir='ltr'><em>ἐξαίρετον</em></span> <span class='ocrx_word' id='word_1_229' title='bbox 1459 2510 1697 2562; x_wconf 81' lang='grc' dir='ltr'><em>Θεάναιραν.</em></span> <span class='ocrx_word' id='word_1_230' title='bbox 1740 2510 1841 2561; x_wconf 72' lang='grc' dir='ltr'><em>αὕτη</em></span> <span class='ocrx_word' id='word_1_231' title='bbox 1885 2507 1927 2548; x_wconf 79' lang='grc' dir='ltr'>δὲ</span> <span class='ocrx_word' id='word_1_232' title='bbox 1959 2509 2009 2549; x_wconf 81' lang='grc' dir='ltr'>ἐκ</span> 
     </span>
     <span class='ocr_line' id='line_1_30' title="bbox 383 2583 2010 2640; baseline -0.002 -14"><span class='ocrx_word' id='word_1_233' title='bbox 383 2594 470 2626; x_wconf 85' lang='grc' dir='ltr'>τοῦ</span> <span class='ocrx_word' id='word_1_234' title='bbox 508 2590 824 2637; x_wconf 80' lang='grc' dir='ltr'><em>Τελαμῶνος</em></span> <span class='ocrx_word' id='word_1_235' title='bbox 859 2587 1047 2639; x_wconf 71' lang='grc' dir='ltr'><em>ἔγκυος</em></span> <span class='ocrx_word' id='word_1_236' title='bbox 1079 2585 1343 2640; x_wconf 74' lang='grc' dir='ltr'><em>γενομένη</em></span> <span class='ocrx_word' id='word_1_237' title='bbox 1377 2585 1608 2638; x_wconf 79' lang='grc' dir='ltr'><em>ἀπέδραμεν</em></span> <span class='ocrx_word' id='word_1_238' title='bbox 1641 2584 1682 2624; x_wconf 81' lang='grc' dir='ltr'>ἐκ</span> <span class='ocrx_word' id='word_1_239' title='bbox 1714 2591 1782 2636; x_wconf 82' lang='grc' dir='ltr'>τῆς</span> <span class='ocrx_word' id='word_1_240' title='bbox 1814 2583 1912 2632; x_wconf 86' lang='grc' dir='ltr'><em>νεὼς</em></span> <span class='ocrx_word' id='word_1_241' title='bbox 1944 2584 2010 2624; x_wconf 83' lang='grc' dir='ltr'>καὶ</span> 
     </span>
     <span class='ocr_line' id='line_1_31' title="bbox 381 2658 1885 2713; baseline -0.002 -12"><span class='ocrx_word' id='word_1_242' title='bbox 381 2658 506 2713; x_wconf 73' lang='grc' dir='ltr'><em>ἦλθεν</em></span> <span class='ocrx_word' id='word_1_243' title='bbox 539 2663 592 2709; x_wconf 76' lang='grc' dir='ltr'>εἰς</span> <span class='ocrx_word' id='word_1_244' title='bbox 628 2664 814 2713; x_wconf 80' lang='grc' dir='ltr'><em>Μίλητον</em></span> <span class='ocrx_word' id='word_1_245' title='bbox 848 2661 1217 2713; x_wconf 79' lang='grc' dir='ltr'><em>διανηξαμένη</em></span> <span class='ocrx_word' id='word_1_246' title='bbox 1250 2662 1339 2712; x_wconf 80' lang='grc' dir='ltr'>τὴν</span> <span class='ocrx_word' id='word_1_247' title='bbox 1373 2661 1563 2712; x_wconf 82' lang='grc' dir='ltr'><em>μεταξὺ</em></span> <span class='ocrx_word' id='word_1_248' title='bbox 1596 2661 1885 2699; x_wconf 80' lang='grc' dir='ltr'><em>θάλασσαν.</em></span> 
     </span>
    </p>

    <p class='ocr_par' dir='ltr' id='par_1_8' title="bbox 379 2736 2014 3079">
     <span class='ocr_line' id='line_1_32' title="bbox 439 2736 2012 2789; baseline -0.002 -10"><span class='ocrx_word' id='word_1_249' title='bbox 439 2741 557 2789; x_wconf 74' lang='lat' dir='ltr'>Quod</span> <span class='ocrx_word' id='word_1_250' title='bbox 605 2741 735 2779; x_wconf 90' lang='lat' dir='ltr'>modo</span> <span class='ocrx_word' id='word_1_251' title='bbox 783 2741 1041 2779; x_wconf 84' lang='lat' dir='ltr'>narrabatur</span> <span class='ocrx_word' id='word_1_252' title='bbox 1091 2741 1142 2780; x_wconf 90' lang='lat' dir='ltr'>de</span> <span class='ocrx_word' id='word_1_253' title='bbox 1190 2740 1442 2779; x_wconf 90' lang='lat' dir='ltr'>Telamonis</span> <span class='ocrx_word' id='word_1_254' title='bbox 1488 2738 1577 2777; x_wconf 87' lang='lat' dir='ltr'>filio</span> <span class='ocrx_word' id='word_1_255' title='bbox 1625 2736 1854 2776; x_wconf 89' lang='lat' dir='ltr'>Trambelo</span> <span class='ocrx_word' id='word_1_256' title='bbox 1897 2747 2012 2776; x_wconf 89' lang='lat' dir='ltr'>nunc</span> 
     </span>
     <span class='ocr_line' id='line_1_33' title="bbox 380 2813 2014 2864; baseline -0.002 -10"><span class='ocrx_word' id='word_1_257' title='bbox 380 2816 644 2855; x_wconf 90' lang='lat' dir='ltr'>nominatim</span> <span class='ocrx_word' id='word_1_258' title='bbox 677 2816 728 2854; x_wconf 88' lang='lat' dir='ltr'>ad</span> <span class='ocrx_word' id='word_1_259' title='bbox 761 2816 905 2864; x_wconf 92' lang='lat' dir='ltr'>ipsum</span> <span class='ocrx_word' id='word_1_260' title='bbox 934 2817 1121 2854; x_wconf 84' lang='lat' dir='ltr'>refertur</span> <span class='ocrx_word' id='word_1_261' title='bbox 1149 2816 1451 2855; x_wconf 84' lang='lat' dir='ltr'>Telamonem.</span> <span class='ocrx_word' id='word_1_262' title='bbox 1484 2813 1682 2852; x_wconf 88' lang='lat' dir='ltr'>Dubitari</span> <span class='ocrx_word' id='word_1_263' title='bbox 1709 2822 1794 2851; x_wconf 91' lang='lat' dir='ltr'>non</span> <span class='ocrx_word' id='word_1_264' title='bbox 1823 2813 2014 2861; x_wconf 86' lang='lat' dir='ltr'>amplius</span> 
     </span>
     <span class='ocr_line' id='line_1_34' title="bbox 379 2888 2012 2939; baseline -0.003 -9"><span class='ocrx_word' id='word_1_265' title='bbox 379 2892 491 2930; x_wconf 85' lang='lat' dir='ltr'>licet.</span> <span class='ocrx_word' id='word_1_266' title='bbox 536 2891 711 2929; x_wconf 86' lang='lat' dir='ltr'>Fabulis</span> <span class='ocrx_word' id='word_1_267' title='bbox 744 2891 874 2938; x_wconf 87' lang='lat' dir='ltr'>igitur</span> <span class='ocrx_word' id='word_1_268' title='bbox 907 2892 1191 2939; x_wconf 79' lang='lat' dir='ltr'>iuxtapositis</span> <span class='ocrx_word' id='word_1_269' title='bbox 1224 2892 1266 2930; x_wconf 88' lang='lat' dir='ltr'>et</span> <span class='ocrx_word' id='word_1_270' title='bbox 1299 2891 1412 2929; x_wconf 87' lang='lat' dir='ltr'>inter</span> <span class='ocrx_word' id='word_1_271' title='bbox 1445 2900 1492 2928; x_wconf 91' lang='lat' dir='ltr'>se</span> <span class='ocrx_word' id='word_1_272' title='bbox 1524 2888 1695 2928; x_wconf 87' lang='lat' dir='ltr'>collatis</span> <span class='ocrx_word' id='word_1_273' title='bbox 1727 2898 1815 2926; x_wconf 92' lang='lat' dir='ltr'>non</span> <span class='ocrx_word' id='word_1_274' title='bbox 1847 2888 2012 2926; x_wconf 82' lang='lat' dir='ltr'>dubita·</span> 
     </span>
     <span class='ocr_line' id='line_1_35' title="bbox 381 2964 2011 3015; baseline -0.002 -10"><span class='ocrx_word' id='word_1_275' title='bbox 381 2977 480 3005; x_wconf 91' lang='lat' dir='ltr'>mus</span> <span class='ocrx_word' id='word_1_276' title='bbox 522 2976 590 3014; x_wconf 91' lang='lat' dir='ltr'>ea,</span> <span class='ocrx_word' id='word_1_277' title='bbox 630 2975 739 3012; x_wconf 89' lang='lat' dir='ltr'>quae</span> <span class='ocrx_word' id='word_1_278' title='bbox 771 2966 821 3004; x_wconf 91' lang='lat' dir='ltr'>de</span> <span class='ocrx_word' id='word_1_279' title='bbox 854 2966 1005 3014; x_wconf 87' lang='lat' dir='ltr'>Enalo,</span> <span class='ocrx_word' id='word_1_280' title='bbox 1042 2967 1092 3004; x_wconf 88' lang='lat' dir='ltr'>de</span> <span class='ocrx_word' id='word_1_281' title='bbox 1125 2965 1376 3015; x_wconf 86' lang='lat' dir='ltr'>Trambelo,</span> <span class='ocrx_word' id='word_1_282' title='bbox 1411 2966 1462 3004; x_wconf 88' lang='lat' dir='ltr'>de</span> <span class='ocrx_word' id='word_1_283' title='bbox 1494 2964 1730 3004; x_wconf 88' lang='lat' dir='ltr'>Telamone</span> <span class='ocrx_word' id='word_1_284' title='bbox 1763 2965 2011 3012; x_wconf 87' lang='lat' dir='ltr'>narrantur,</span> 
     </span>
     <span class='ocr_line' id='line_1_36' title="bbox 382 3038 2012 3079; baseline -0.001 -1"><span class='ocrx_word' id='word_1_285' title='bbox 382 3040 434 3078; x_wconf 83' lang='lat' dir='ltr'>ad</span> <span class='ocrx_word' id='word_1_286' title='bbox 476 3049 612 3079; x_wconf 87' lang='lat' dir='ltr'>unum</span> <span class='ocrx_word' id='word_1_287' title='bbox 650 3040 811 3078; x_wconf 85' lang='lat' dir='ltr'>referre</span> <span class='ocrx_word' id='word_1_288' title='bbox 854 3040 1058 3079; x_wconf 88' lang='lat' dir='ltr'>schema:</span> <span class='ocrx_word' id='word_1_289' title='bbox 1103 3041 1209 3079; x_wconf 88' lang='lat' dir='ltr'>deus</span> <span class='ocrx_word' id='word_1_290' title='bbox 1252 3040 1452 3079; x_wconf 90' lang='lat' dir='ltr'>marinus</span> <span class='ocrx_word' id='word_1_291' title='bbox 1492 3040 1687 3078; x_wconf 91' lang='lat' dir='ltr'>humana</span> <span class='ocrx_word' id='word_1_292' title='bbox 1718 3038 1860 3077; x_wconf 87' lang='lat' dir='ltr'>forma</span> <span class='ocrx_word' id='word_1_293' title='bbox 1892 3039 2012 3077; x_wconf 91' lang='lat' dir='ltr'>indu-</span> 
     </span>
    </p>
   </div>
  </div>
 </body>
</html>
