2141 3487
811 320 865 347 DE
898 319 1095 348 cARNms.
1683 316 1762 352 179

138 430 248 469 salia
278 433 454 472 nomine
487 443 537 472 ac
568 433 699 482 fama,
734 443 781 472 se
814 434 1077 472 descendere
1104 433 1345 482 perhibeat,
1380 444 1465 472 non
1497 436 1591 474 sine
1618 436 1764 483 proba-

138 504 306 546 bilitate
338 508 654 547 contendemus
686 510 1017 549 vetustissimos
1050 510 1149 550 illos
1181 511 1418 550 Laconicae
1450 512 1627 560 incolas,
1661 522 1768 559 quos

139 580 360 630 hucusque
392 584 667 623 Achaeorum
700 585 993 624 indicavimus
1021 587 1215 635 nomine,
1245 587 1380 625 fuisse
1408 597 1561 625 revera
1587 589 1764 635 gentem

137 657 458 707 Thessalicam,
493 659 681 699 fortasse
714 661 896 709 Minyas.
930 661 1182 700 Thessalica
1213 662 1345 709 igitur
1376 661 1460 700 fuit
1492 662 1624 710 natio,
1658 673 1767 709 quae

137 733 323 771 navibus
379 734 471 772 suis
527 735 732 775 Graeciae
790 736 919 775 litora
976 736 1144 785 legens,
1205 737 1382 775 tandem
1440 737 1483 774 in
1531 737 1764 776 Laconiam

137 808 318 856 appulsa
350 810 540 848 condidit
574 811 788 849 coloniam
818 812 1007 860 deosque
1034 822 1137 850 suos
1166 813 1437 859 importavit.
1468 812 1536 850 Sic
1553 812 1768 850 Admetus

137 882 290 922 Pheris
323 886 440 924 venit
473 887 690 934 Spartam.

197 958 318 998 Nunc
345 960 662 1010 intellegimus,
693 972 767 1001 cur
794 963 1033 1001 maritimis
1061 963 1321 1011 praesertim
1351 963 1392 1000 in
1417 962 1598 1001 urbibus
1615 961 1769 1001 Carnei

137 1032 387 1073 inveniatur
419 1036 584 1084 cultus;
621 1047 696 1075 cur
728 1038 771 1075 in
805 1037 1054 1086 Sicyoniam
1090 1038 1159 1076 via
1191 1038 1380 1076 fortasse
1413 1038 1611 1076 terrestri
1645 1048 1769 1086 pene·

137 1110 320 1147 traverit
352 1121 374 1148 e
407 1111 649 1160 Thessalia,
686 1112 863 1151 sedibus
897 1113 1143 1161 Minyarum
1179 1113 1519 1160 antiquissimis.

198 1184 279 1223 Sed
327 1195 380 1224 ne
427 1186 612 1226 celerius
654 1198 782 1236 agere
825 1189 1069 1240 videamur,
1113 1189 1289 1227 Pindari
1324 1189 1558 1227 volvamus
1592 1198 1768 1227 carmen

138 1259 368 1308 Pythicum
404 1263 618 1312 quintum,
651 1264 723 1302 ubi
755 1264 944 1312 legimus
977 1274 1065 1303 vss.
1101 1265 1155 1303 73
1190 1274 1282 1311 sqq.

375 1335 415 1374 τὸ
449 1334 481 1374 δ’
518 1336 612 1387 ἐμὸν
644 1335 828 1390 γαρύοντ’
863 1337 942 1377 ἀπὸ
976 1338 1166 1390 Σπάρτας
1200 1338 1398 1389 ἐπήρατον
1431 1338 1553 1385 κλέος·

376 1409 475 1450 ὅθεν
507 1412 788 1464 γεγενναμένοι

376 1486 508 1526 ἵκοντο
547 1488 732 1539 Θήρανδε
765 1494 891 1538 φῶτες
924 1489 1133 1540 Αἰγεΐδαι,

377 1561 462 1612 ἐμοὶ
493 1562 673 1615 πατέρες,
705 1563 753 1603 οὐ
787 1568 896 1602 θεῶν
928 1562 1039 1615 ἄτερ,
1069 1563 1167 1602 ἀλλὰ
1200 1565 1318 1614 μοῖρά
1350 1580 1407 1611 τις
1441 1563 1547 1616 ἄγεν.

376 1639 610 1678 πολύθυτον
642 1638 788 1690 ἔρανον

378 1713 498 1752 ἔνθεν
531 1713 844 1765 ἀναδεξάμενοι,

369 1788 588 1839 Ἄπολλον,
620 1798 684 1844 τεᾷ

379 1861 553 1916 Καρνήϊ’
592 1864 634 1904 ἐν
668 1864 772 1903 δαιτὶ
807 1866 1011 1917 σεβίζομεν

377 1941 571 1992 Κυράνας
603 1939 873 1992 ἀγακτιμέναν
905 1940 1035 1979 πόλιν.

140 2016 166 2055 i.
201 2027 236 2055 e.
273 2027 446 2066 „meam
479 2017 667 2065 gloriam
702 2027 856 2056 omnes
888 2027 911 2056 e
945 2017 1101 2066 Sparta
1133 2027 1230 2056 esse
1261 2017 1513 2067 perhibent,
1549 2018 1661 2056 unde
1690 2017 1774 2055 orti

139 2091 330 2140 Aegidae
361 2093 510 2140 patres
541 2093 629 2131 mei
663 2102 750 2131 non
784 2093 878 2131 sine
909 2093 1091 2131 deorum
1124 2092 1290 2131 auxilio
1323 2092 1513 2131 Theram
1546 2094 1773 2131 venerunt.

141 2167 254 2205 Nam
295 2167 437 2206 fatum
482 2178 556 2206 eos
598 2168 736 2206 duxit.
784 2168 925 2206 Thera
967 2170 1114 2206 autem
1160 2178 1213 2206 ex
1256 2168 1401 2207 insula
1443 2168 1662 2216 Cyrenam
1696 2169 1776 2207 hoc

142 2251 262 2280 more
295 2242 456 2280 tralato
490 2253 643 2281 cenam
678 2243 942 2281 collaticiam
975 2244 1158 2291 agentes
1190 2243 1340 2292 lautis,
1376 2254 1399 2282 o
1430 2243 1605 2292 Apollo,
1637 2243 1775 2292 epulis

140 2317 293 2356 urbem
326 2319 526 2356 nostram
559 2317 876 2357 celebramus.'’
910 2314 951 2363 ¹).

202 2392 304 2442 Quis
337 2393 406 2431 hic
439 2392 662 2440 loquitur?
694 2392 973 2431 Dissentiunt
1008 2403 1046 2431 ν.
1080 2393 1141 2439 d.;
1174 2395 1278 2431 sunt
1307 2394 1424 2432 enim
1447 2394 1559 2431 —in
1590 2403 1774 2441 quorum

143 2478 325 2507 numero
373 2468 635 2516 signiferum
684 2469 775 2517 agit
819 2468 993 2508 Boeckh
1028 2491 1080 2496 —
1116 2469 1188 2517 qui
1231 2470 1387 2517 putent
1427 2472 1594 2517 poetam
1636 2469 1688 2506 de
1729 2479 1776 2506 se

142 2543 237 2591 ipso
269 2543 412 2582 facere
446 2543 598 2592 verba,
634 2545 682 2581 ut
715 2553 771 2582 ex
803 2544 1071 2592 Aegidarum
1105 2546 1234 2592 gente
1265 2546 1411 2582 ortum
1439 2555 1486 2582 se
1514 2554 1610 2582 esse
1629 2554 1776 2582 coram

141 2619 346 2657 omnibus
389 2618 666 2666 pronuntiet;
711 2618 868 2666 quibus
911 2619 1103 2657 oblocuti
1147 2619 1431 2657 Hermannus
1464 2621 1507 2657 et
1539 2618 1612 2656 alii
1646 2618 1777 2657 verba

142 2693 320 2732 laudata
367 2694 566 2731 choraulis
613 2693 663 2731 de
705 2703 752 2732 se
793 2693 902 2741 ipsis
942 2693 1222 2740 loquentibus
1260 2693 1530 2741 impertiunt.
1565 2693 1774 2740 Equidem

144 2769 291 2807 nullus
333 2768 539 2806 dubitans
581 2768 885 2806 Herm-annum
930 2778 1101 2815 sequor.
1145 2769 1378 2807 Faciamus
1410 2768 1528 2806 enim
1564 2768 1775 2815 Aegidam

142 2844 280 2883 fuisse
322 2844 576 2891 Pindarum,
621 2845 727 2881 tunc
769 2843 918 2891 procul
960 2842 1089 2882 dubio
1131 2843 1215 2882 fuit
1247 2854 1302 2881 ex
1333 2843 1512 2890 Aegidis
1545 2841 1775 2880 Thebanis,

187 3010 212 3053 l)
238 3012 288 3042 cf.
311 3012 488 3042 Luebbert
514 3011 557 3042 de
583 3010 682 3041 Carn.
708 3013 742 3041 et
766 3011 885 3048 Aegid.
911 3012 1032 3048 Progr.
1057 3012 1165 3041 Bonn.
1192 3013 1288 3041 1883.
