2141 3487
831 314 884 341 DE
916 314 1061 342 AxAcn.
1678 306 1756 343 111

135 429 245 478 apud
295 429 526 468 Aelianum
569 429 611 466 in
654 428 810 476 fragm.
850 437 884 466 S.
920 438 958 465 V.
1003 426 1149 476 ποινήῑ
1197 424 1243 475 „5
1288 425 1483 464 Ἀπόλλων
1525 425 1624 476 φησὶ
1665 427 1763 476 πρὸς

135 503 322 554 Λοκροὺς
356 502 408 553 μὴ
442 501 491 540 ἀν
524 501 659 548 αὐτοῖς
692 501 734 540 τὸ
770 501 905 540 δεινὸν
938 501 1142 551 λωφήσειν
1176 502 1278 550 (Sic),
1313 500 1348 539 εἰ
1377 500 1431 551 μὴ
1462 499 1654 551 πέμποιεν
1687 501 1765 539 ἀνὰ

134 585 215 616 πᾶν
247 578 330 625 ἔτος
363 579 436 618 δύο
468 577 703 629 παρθένους
736 577 789 624 εἰς
822 576 894 626 τὴν
918 575 1048 615 Ἴλιον
1081 583 1127 631 τῇ
1159 580 1306 630 Ἀθηνᾷ
1333 576 1578 627 Κασάνδρας
1605 578 1766 626 ποινήν,

135 652 206 700 ἕως
246 652 297 692 ἂν
339 654 522 705 ἵλεώσητε
563 653 634 704 τὴν
676 653 819 692 θεόν.”
861 653 1030 692 Ultima
1072 653 1204 692 verba
1236 651 1470 699 ἔως-θεόν
1504 663 1559 692 ex
1591 653 1765 692 oraculo

134 728 174 768 ἐν
208 729 394 785 τριμέτρῳ
427 730 528 786 τόνῳ
562 731 803 779 composito
836 730 972 778 petita
1004 729 1219 768 videntur.

192 806 403 846 Venimus
436 807 488 846 ad
523 807 707 845 Tzetzae
737 806 888 853 verba,
919 806 1075 853 quibus
1103 805 1292 854 explicat
1320 805 1531 853 Lycophr.
1551 816 1615 846 vs.
1638 807 1764 845 1141.

135 882 245 922 Sunt
276 884 404 922 haec:
453 880 617 933 »ἔχρησε
662 877 697 919 δ’
735 879 755 919 ὁ
788 880 883 926 θεὸς
918 880 1154 918 ἱλάσκεσθαι
1187 883 1362 930 Ἀθηνᾶν
1394 879 1466 930 τὴν
1499 879 1541 918 ἐν
1567 877 1670 935 Ἰλίῳ
1704 880 1763 920 ἐπὶ

133 957 199 1008 ἔτη
231 958 334 1009 χίλια
367 958 440 996 δύο
469 955 703 1007 παρθένους
731 955 963 1006 πέμποντας
990 955 1052 994 ἐπὶ
1080 956 1211 1010 κλήρῳ
1240 954 1303 993 καὶ
1322 955 1766 1007 λαχήσει.πεμπυμέ1·ας

134 1032 177 1072 δὲ
208 1033 330 1080 αὐτὰς
360 1038 692 1084 προυπαντῶντες
725 1031 761 1070 οῖ
797 1033 944 1082 Τρῶες,
977 1031 1009 1069 εἰ
1039 1029 1250 1082 κατέσχον,
1277 1029 1460 1086 ἀνῄρουν
1488 1031 1555 1070 καὶ
1586 1032 1766 1079 καίοντες

132 1108 327 1160 ἀκάρποις
359 1107 426 1146 καὶ
458 1106 610 1159 ἀγρίοις
644 1108 775 1154 ξύλοις
808 1106 853 1145 τὰ
887 1104 980 1145 ὀστᾶ
1013 1106 1147 1145 αὐτῶν
1185 1105 1263 1145 ἀπὸ
1300 1107 1512 1158 Τρήρωνος
1546 1106 1666 1159 ὄρους
1698 1114 1766 1158 τῆς

136 1185 279 1236 Τροίας
312 1184 380 1223 τὸν
412 1183 566 1222 σποδὸν
600 1184 653 1231 εἰς
688 1183 900 1222 θάλασσαν
925 1182 1121 1235 ἔρριπτον.
1151 1182 1216 1221 καὶ
1241 1183 1362 1221 πάλιν
1390 1183 1430 1222 οἵ
1454 1183 1606 1235 Λοκροὶ
1634 1182 1766 1235 ἑτέρας

132 1260 321 1299 ἔστελλον.
354 1260 389 1299 εἰ
421 1258 463 1298 δέ
495 1274 596 1306 τινες
639 1258 851 1311 ἐκφύγοιεν
885 1258 1135 1297 ἀνελθοῦσαι
1166 1259 1300 1311 λάθρα
1334 1259 1388 1306 εἰς
1420 1259 1462 1298 τὸ
1495 1265 1562 1310 τῆς
1596 1263 1767 1311 Ἀθηνᾶς

133 1337 240 1388 ἱερὸν
273 1334 410 1387 ἱέρειαι
442 1334 635 1387 ἐγένοντο.
670 1334 831 1386 ἕσαιρον
874 1334 949 1386 γὰρ
986 1333 1083 1373 αὐτὸ
1117 1333 1184 1373 καὶ
1217 1333 1417 1386 ἔρραινον.
1451 1341 1497 1389 τῇ
1530 1333 1572 1374 δὲ
1603 1340 1685 1386 θεῷ
1719 1336 1766 1375 οὐ

132 1412 406 1464 προσήρχοντο
441 1410 531 1451 οὔτε
558 1417 628 1450 τοῦ
662 1411 772 1462 ἵεροῦ
807 1409 1040 1461 ἐξήρχοντο,
1072 1410 1107 1449 εἰ
1137 1409 1190 1461 μὴ
1224 1411 1392 1462 νύκτωρ.
1419 1406 1522 1462 ἦσαν
1555 1409 1597 1450 δὲ
1629 1427 1768 1462 κεκαρ-

135 1487 252 1538 μέναι
284 1487 547 1538 μονοχίτωνες
579 1485 646 1525 καὶ
673 1485 925 1526 ἀνυπόδετοι.
954 1492 1108 1537 πρῶται
1133 1484 1175 1525 δὲ
1202 1492 1280 1524 τῶν
1308 1487 1524 1538 Λοκρίδων
1549 1486 1768 1537 παρθένων

137 1563 334 1615 Περίβοια
380 1562 444 1601 καὶ
495 1563 733 1614 Κλεοπάτρα
775 1561 982 1612 ἀφίκοντο.
1025 1560 1091 1600 καὶ
1133 1568 1291 1613 πρῶτον
1333 1560 1404 1612 μὲν
1436 1563 1503 1609 τὰς
1536 1563 1769 1614 παρθένους

136 1635 217 1678 εἶτα
263 1637 394 1690 βρέφη
443 1637 628 1678 ἐνιαύσια
676 1637 771 1688 μετὰ
818 1644 895 1677 τῶν
937 1644 1098 1689 τροφῶν
1141 1637 1275 1677 αὐτῶν
1318 1638 1496 1689 ἔπεμπον
1531 1639 1572 1678 οἱ
1601 1640 1775 1690 Λοκροί.

135 1715 269 1766 χιλίων
319 1711 355 1753 δ’
399 1713 497 1753 ἐτῶν
539 1714 827 1766 παρελθόντων
869 1713 964 1764 μετὰ
1005 1713 1074 1752 τὸν
1121 1713 1307 1753 Φωκικὸν
1339 1714 1513 1765 πόλεμον
1546 1714 1775 1754 ἐπαύσαντο

132 1797 201 1842 τῆς
243 1791 430 1841 τοιαύτης
473 1790 638 1840 θυσίας,
679 1790 730 1837 ὥς
774 1801 874 1841 φησι
920 1790 1085 1840 Τίμαιος
1127 1787 1146 1828 ὅ
1184 1789 1361 1836 Σικελός.
1402 1788 1598 1840 μέμνηται
1632 1788 1673 1828 δὲ
1706 1797 1773 1840 τῆς

138 1866 313 1917 ἱστορίας
345 1864 411 1904 καὶ
445 1863 464 1904 ὃ
499 1867 732 1916 Κυρηναῖος
767 1865 1032 1916 Καλλίμαχος.

197 1942 450 1992 Quicunque
507 1942 695 1981 Tzetzae
752 1942 886 1980 verba
935 1952 1034 1980 cum
1084 1942 1279 1990 epitoma
1324 1942 1538 1981 Vaticana
1585 1945 1628 1981 et
1675 1953 1774 1982 cum

134 2018 298 2057 scholio
341 2018 395 2057 ad
435 2018 732 2066 Lycophronis
765 2028 854 2056 vss.
893 2019 1003 2056 1141
1040 2027 1133 2065 sqq.
1169 2019 1414 2066 comparat,
1460 2018 1615 2055 statim
1650 2028 1776 2066 agno-

131 2094 216 2132 scit
248 2093 360 2141 apud
378 2093 587 2132 Tzetzam
613 2103 751 2131 unum
776 2093 819 2131 in
849 2093 1131 2141 complexum
1159 2093 1392 2131 coniuncta
1415 2094 1457 2131 et-
1476 2093 1777 2141 conglutinata

133 2179 243 2217 esse,
273 2179 382 2217 quae
412 2169 602 2217 epitoma
637 2170 679 2207 et
713 2168 930 2207 scholium
963 2169 1138 2207 diversa
1162 2168 1361 2207 breviore
1388 2169 1431 2206 in
1458 2168 1600 2207 forma
1626 2179 1773 2217 propo·

135 2246 255 2283 nant.
290 2244 624 2283 Observandum
658 2246 724 2282 est
758 2244 871 2292 apud
903 2244 1113 2283 Tzetzam
1155 2244 1321 2282 reverti
1353 2245 1636 2283 sententiam.
1674 2245 1777 2293 „Lo-

135 2329 310 2357 crenses
357 2321 510 2367 postea
553 2320 693 2357 etiam
742 2317 871 2369 βρέφη
915 2319 1140 2367 misisse'',
1176 2328 1288 2366 quae
1331 2328 1400 2357 res
1432 2319 1476 2357 in
1507 2320 1691 2359 scholiis
1724 2321 1777 2359 ad

136 2394 435 2433 Alexandram
464 2404 682 2441 nusquam
711 2394 870 2442 legitur
898 2398 943 2432 at
970 2396 1242 2433 memoratur
1267 2394 1310 2432 in
1338 2395 1531 2442 epitoma
1548 2395 1773 2435 Vaticana.

136 2468 411 2508 Coniecimus
458 2479 590 2517 supra
632 2479 654 2507 e
697 2468 959 2507 Callimachi
1002 2469 1147 2507 verbis
1192 2466 1453 2519 ,,παρθένους
1496 2468 1774 2516 ἐνιαυσιαίας”

134 2544 178 2582 in
211 2544 377 2583 scholio
410 2545 462 2582 ad
497 2544 620 2582 Alex.
655 2555 720 2582 vs.
758 2545 867 2582 1141
902 2544 1092 2583 servatis
1115 2545 1201 2583 ‘sed
1233 2544 1348 2583 male
1375 2545 1612 2584 intellectis
1634 2548 1773 2584 totam

131 2618 327 2658 fabulam
355 2619 406 2657 de
434 2619 675 2657 infantibus
693 2620 844 2657 missis
863 2629 958 2659 esse
979 2620 1289 2668 excogitatam.
1308 2620 1416 2658 Ecce
1435 2621 1548 2668 apud
1567 2621 1773 2660 Tzetzam

133 2696 314 2734 exstant
346 2695 479 2733 verba
523 2692 680 2743 »βρέφη
724 2692 1010 2732 ἐνιαύσια”.
1043 2695 1197 2733 Nonne
1232 2695 1312 2733 hoc
1346 2695 1562 2733 adiectivo
1594 2706 1775 2744 prorsus

136 2780 461 2818 supervacaneo
510 2780 731 2808 memores
778 2768 908 2808 fimus
956 2775 1033 2807 τῶν
1075 2767 1295 2820 παρθένων
1337 2768 1583 2808 ἐνιαυσιῶνὶ)
1624 2771 1775 2809 Nonne

137 2846 206 2883 hic
233 2846 514 2894 perspicuum
547 2844 610 2893 fit,
647 2845 863 2892 quomodo
902 2855 924 2883 e
957 2844 1179 2895 παρθένοις
1212 2843 1477 2890 ἐνιαυσιαίαις
1505 2845 1646 2884 factae
1674 2847 1778 2883 sunt

139 2920 362 2968 „infantes
410 2920 611 2959 feminini
654 2920 828 2967 generis
871 2917 1072 2968 ἐνιαύσοι,
1116 2920 1185 2958 vel
1222 2918 1351 2970 βρέφη
1385 2918 1586 2969 ἐνιαύσια,
1621 2921 1776 2959 deinde

137 2993 286 3045 βρέφη,
337 2995 522 3042 denique
575 2993 731 3045 ηβρέφη
781 3004 881 3033 cum
922 2994 1227 3033 nutricibus”?
1264 2995 1466 3034 Errorem
1499 2995 1614 3034 haud
1647 2996 1777 3035 dubie
