2141 3487
640 332 693 360 DE
726 332 1013 360 EUGAMMoms
1046 333 1303 361 TELEGONIA.
1704 326 1781 362 187

159 457 286 494 quem
329 446 556 494 populum,
599 446 748 482 utrum
791 453 845 482 ex
888 445 1087 493 Aegypto
1119 445 1162 482 in
1197 444 1426 483 Graeciam
1458 445 1517 483 sit
1548 446 1787 493 importata

159 531 212 558 an
260 532 281 559 e
329 520 508 559 Graecia
553 519 749 568 profecta
796 519 883 558 late
930 529 1096 567 vagans
1142 519 1186 557 in
1228 519 1479 567 Aegyptum
1524 521 1784 568 penetrarit,

156 596 286 634 dubia
332 605 400 633 res
444 595 512 633 est
553 596 596 633 et
637 594 756 632 varie
798 594 909 633 varii
951 594 1002 632 de
1044 604 1094 633 ea
1136 594 1419 642 disputarunt
1462 595 1542 632 viri
1584 594 1699 633 docti
1742 598 1786 633 et

155 670 390 718 disputant.
434 670 541 708 Sunt
582 670 715 708 etiam
759 670 831 717 qui
873 670 1100 708 orientalis
1143 670 1324 718 originis
1367 670 1525 708 indicia
1562 670 1604 707 in
1638 670 1785 709 fabula

154 744 402 783 Herodotea
432 745 621 783 inveniri
653 744 927 793 perhibeant;
957 745 1188 783 historiam
1218 745 1334 783 enim
1365 745 1530 783 versuti
1557 745 1783 783 architecti

153 818 197 857 in
238 818 378 858 literis
420 819 716 868 Sanscriticis,
760 821 871 868 apud
914 819 1096 869 Turcas,
1136 820 1248 868 apud
1287 819 1456 858 Russos
1487 829 1584 859 esse
1616 822 1780 860 notam.

153 894 241 933 Nos
282 894 394 934 hanc
435 898 604 944 partem
646 895 916 942 quaestionis
953 895 1085 933 certis
1118 895 1319 933 terminis
1352 895 1780 943 circumscribemus3

153 969 375 1007 mittimus
415 979 566 1017 rogare
609 979 714 1007 num
760 980 781 1007 e
823 969 1124 1017 longinquiore
1166 970 1353 1008 fortasse
1395 970 1569 1018 regione
1611 971 1705 1009 sive
1738 972 1780 1009 in

151 1043 400 1091 Aegyptum
447 1044 541 1081 sive
588 1044 630 1081 in
680 1043 905 1082 Graeciam
956 1045 1125 1082 venerit
1167 1044 1331 1093 fabula,
1376 1045 1456 1083 hoc
1498 1046 1626 1084 modo
1670 1046 1780 1084 scire

149 1113 372 1166 cupientes
405 1119 521 1156 sitne
553 1129 628 1166 per
659 1120 910 1166 Aegyptum
943 1119 1118 1157 invecta
1145 1120 1188 1156 in
1216 1119 1442 1158 Graeciam
1471 1130 1525 1158 an
1552 1131 1628 1169 per
1656 1121 1777 1160 Grae·

149 1193 260 1231 ciam
293 1193 337 1232 in
371 1194 643 1242 Aegyptum,
683 1203 737 1232 an
772 1215 823 1221 —
860 1203 963 1232 nam
995 1194 1178 1232 tertium
1213 1204 1382 1241 quoque
1414 1195 1544 1233 datur
1578 1218 1627 1223 —
1663 1197 1779 1234 simi-

148 1267 212 1307 les
243 1268 286 1306 in
319 1268 500 1307 Graecia
532 1270 577 1307 et
608 1269 652 1306 in
685 1269 885 1317 Aegypto
918 1271 1047 1307 notae
1079 1269 1241 1309 fuerint
1271 1270 1566 1319 narrationes,
1600 1271 1693 1310 sive
1725 1282 1778 1310 ex

149 1343 324 1382 Oriente
371 1346 415 1382 et
461 1344 544 1382 huc
592 1346 634 1382 et
681 1343 784 1382 illuc
829 1343 978 1382 illatae
1025 1344 1118 1382 sive
1161 1345 1203 1382 in
1247 1344 1354 1392 ipsis
1397 1345 1487 1383 illis
1527 1346 1777 1395 regionibus

145 1422 301 1468 sponte
333 1421 526 1459 exortae.

205 1495 317 1534 Nam
345 1495 447 1534 licet
473 1495 658 1534 libenter
686 1496 974 1534 concedamus
997 1494 1608 1541 G.O.Mue11ero(orchom.1
1625 1508 1663 1546 p.
1685 1499 1775 1547 88),

145 1570 254 1609 nihil
282 1570 711 1618 obstare-quominus
738 1571 846 1609 haec
872 1570 1020 1608 fabula
1045 1570 1211 1618 origine
1239 1571 1610 1619 indo-germanica
1626 1572 1774 1622 fuerit,

144 1647 294 1684 tamen
323 1656 409 1685 non
438 1646 656 1694 videmus,
687 1656 761 1684 cur
789 1646 1091 1694 Masperonem
1115 1645 1268 1684 ducem
1287 1647 1681 1693 sequirecusemus
1698 1659 1776 1687 suo

143 1721 235 1760 iure
277 1723 492 1770 originem
536 1722 842 1775 aegyptiacam
885 1722 924 1760 ei
955 1720 1222 1759 tribuentem
1257 1721 1393 1765 (Cont.
1427 1722 1618 1761 XXXIX
1649 1727 1772 1771 sqq.).

140 1795 287 1843 Neque
329 1797 552 1835 nescimus
591 1796 804 1835 Steinium
839 1796 995 1834 Herod.
1029 1792 1072 1833 13
1103 1806 1142 1843 p.
1181 1796 1262 1835 136
1297 1799 1534 1836 annotasse
1566 1798 1772 1838 fabellam

142 1871 310 1919 origine
365 1882 451 1910 non
499 1871 802 1920 aegyptiacam
851 1871 1004 1920 videri,
1054 1871 1246 1919 lepidum
1295 1872 1411 1910 enim
1460 1872 1585 1911 illum
1631 1873 1771 1913 furem

140 1946 372 1995 militibus,
404 1947 475 1994 qui
503 1947 653 1985 fratris
681 1956 838 1995 corpus
865 1946 1154 1996 custodirent,
1182 1946 1362 1985 barbam
1391 1948 1592 1987 dextram
1610 1951 1772 1989 rasisse

140 2022 243 2071 dici,
287 2023 527 2070 Aegyptios
560 2032 661 2061 vero
695 2022 875 2061 barbam
909 2032 995 2061 non
1028 2022 1209 2070 aluisse;
1244 2023 1319 2061 sed
1352 2023 1654 2063 adversarium
1686 2025 1770 2064 ido-

142 2107 274 2136 neum
322 2097 392 2136 hic
438 2098 607 2136 invenit
656 2098 705 2136 A.
756 2097 1121 2136 Wiedemannum
1164 2097 1395 2143 (Herodots
1435 2098 1614 2138 zweites
1650 2100 1771 2139 Buch

141 2172 224 2211 mit
265 2172 517 2211 sachlichen
559 2173 904 2220 Erlauterungen
951 2172 1096 2221 1890),
1136 2173 1208 2219 qui
1242 2175 1472 2211 annotavit
1504 2174 1593 2212 iam
1626 2185 1772 2223 regem

139 2248 433 2297 Amenophim
476 2248 535 2285 IV
577 2248 742 2286 milites
779 2247 980 2286 barbatos
1014 2248 1218 2286 habuisse
1250 2248 1576 2299 stipendiarios,
1612 2250 1770 2299 Libyos

140 2333 241 2362 vero
279 2323 575 2362 conducticios
607 2323 706 2362 inde
739 2333 763 2361 a
795 2323 999 2371 dynastia
1030 2323 1157 2361 XIXa
1188 2323 1393 2362 barbatos
1425 2326 1468 2363 in
1503 2325 1772 2374 imaginibus

139 2409 365 2448 apparere,
415 2409 582 2438 necnon
630 2399 839 2438 Herodoti
886 2405 1082 2447 tempore
1123 2401 1239 2437 hunc
1278 2410 1445 2438 morem
1489 2401 1532 2437 in
1574 2401 1771 2440 exercitu

139 2474 456 2523 Aegyptiorum
505 2475 711 2514 valuisse.
753 2475 873 2513 Idem
915 2475 1243 2523 Aegyptologus
1285 2476 1372 2514 alia
1414 2486 1581 2524 quoque
1622 2477 1768 2526 docet,

138 2550 293 2597 quibus
334 2551 399 2589 uti
440 2552 604 2599 potest,
650 2550 722 2598 qui
765 2551 978 2598 originem
1019 2552 1335 2599 Aegyptiacam
1381 2554 1556 2590 nostrae
1598 2552 1769 2591 fabulae

136 2625 366 2664 defendere
409 2625 597 2664 studeat.
640 2626 752 2664 Nam
796 2625 930 2665 cellae
972 2627 1186 2676 occultae,
1225 2629 1378 2675 quales
1411 2629 1606 2676 depingit
1636 2628 1768 2667 Hero·

136 2699 283 2747 dotus,
338 2700 399 2738 ibi
450 2700 666 2748 plurimae
714 2702 819 2739 sunt
864 2704 1079 2750 repertae,
1130 2713 1238 2750 quas
1283 2703 1449 2742 intrare
1496 2704 1580 2742 nisi
1627 2704 1768 2752 lapide

138 2775 305 2814 remoto
347 2785 479 2814 nemo
517 2777 712 2823 poterat;
746 2777 877 2814 vetus
910 2786 1077 2824 quoque
1109 2779 1261 2816 textus
1292 2782 1511 2827 superest,
1547 2779 1669 2817 cuius
1701 2783 1768 2816 est

133 2849 435 2898 interpretatio
485 2850 617 2888 haec:
670 2850 865 2898 „Krypta
911 2851 1105 2899 profanis
1152 2857 1217 2891 est
1261 2854 1434 2901 ignota;
1478 2855 1549 2902 qui
1590 2855 1766 2892 ianuam

134 2926 316 2972 quaeret
355 2935 441 2964 non
483 2925 680 2964 inveniet
722 2927 894 2974 praeter
937 2926 1118 2965 deorum
1160 2929 1441 2976 prophetas.’'
1474 2929 1568 2968 Mos
1600 2940 1770 2977 quoque

136 2999 505 3048 obsignandorum
547 3001 762 3050 locorum,
804 3011 912 3049 quae
946 3003 1054 3041 inire
1088 3014 1172 3042 non
1206 3005 1379 3053 licebat,
1413 3015 1488 3053 per
1518 3006 1766 3053 Aegyptum
