2200 3487
440 340 493 375 530
1131 347 1183 373 DE
1216 346 1360 374 AIAGE.

494 462 692 509 Agrestis
736 462 877 509 igitur,
912 459 1166 506 ἀπαίδευτος,
1202 458 1346 506 prodit
1378 458 1450 496 ille
1482 459 1641 507 Epeus,
1676 469 1920 507 eponymus
1952 458 2056 506 Epe-

436 547 561 575 orum
604 537 736 574 Elidis
768 536 1007 574 incolarum
1041 533 1462 582 antiquissimorum,
1497 543 1605 580 quos
1637 544 1735 572 curn
1769 532 2061 572 Locrensibus

434 614 550 650 arcte
593 612 726 649 fuisse
768 611 1022 649 coniunctos
1060 609 1184 647 docet
1215 608 1444 658 Pindarus,
1479 609 1685 647 docuerat
1717 609 1804 647 iam
1838 609 2059 647 Homerus

434 687 525 725 Ioco
558 686 803 734 notissimo,
837 685 907 722 ubi
940 694 1024 722 uno
1057 693 1186 721 versu
1219 684 1541 731 coniunguntur

729 757 880 809 Λοκροὶ
913 756 979 796 καὶ
1015 760 1138 795 Φθῖοι
1172 756 1238 795 καὶ
1271 757 1549 808 φαιδιμόεντες
1576 755 1742 797 Ἐπειοί.

494 837 769 874 Athenaeum
811 835 848 873 si
886 834 1088 872 audimus
1120 835 1176 879 (X
1204 835 1288 872 456
1308 834 1367 883 F),
1402 834 1543 883 Epeus
1575 835 1807 882 aliquando
1841 832 2058 883 ὑδροφόρει

432 914 511 956 τοῖς
534 911 737 961 Ἀτρείδαις
756 910 1017 957 asinumque
1038 910 1191 948 eodem
1210 908 1351 948 officio
1370 909 1628 957 fungentem
1647 909 1861 948 vocabant
1878 910 2057 957 Epeum.

490 988 597 1025 Tam
639 987 779 1035 Epeus
820 997 952 1033 quam
990 986 1146 1024 Aiaces
1179 986 1399 1024 Minervae
1431 985 1581 1024 favore
1613 986 1795 1024 minime
1828 985 2056 1034 gaudebat.

431 1064 668 1102 Locrenses
716 1063 848 1110 igitur
894 1063 937 1100 et
978 1062 1116 1109 Epeos
1157 1061 1337 1109 mythos
1379 1062 1591 1109 quosdam
1635 1061 1858 1111 habuisse,
1903 1061 2058 1108 quibus

430 1138 685 1176 inimicitias
731 1138 845 1176 inter
891 1137 1018 1175 deam
1066 1138 1109 1175 et
1156 1136 1310 1175 heroes
1356 1147 1460 1175 suos
1506 1146 1746 1185 eponymos
1793 1136 2059 1175 exercitatas

432 1214 716 1262 explicarent,
745 1213 869 1251 facile
886 1213 1097 1251 statueris
1114 1222 1253 1260 neque
1271 1212 1530 1251 mirabimur
1547 1213 1774 1251 audientes
1789 1213 1871 1251 hoc
1888 1212 2055 1261 odium,

431 1290 541 1336 quod
589 1289 641 1327 ad
690 1288 843 1327 Aiaces
890 1289 1064 1337 attinet,
1107 1289 1195 1327 iam
1239 1289 1466 1327 exstitisse
1507 1289 1621 1326 inter
1653 1289 1894 1327 Minervam
1928 1289 2058 1335 atque

426 1365 551 1403 illum
598 1365 776 1403 Aiacem
810 1365 1087 1413 primarium,
1130 1374 1153 1402 e
1195 1374 1277 1412 quo
1319 1364 1506 1403 triadem
1539 1365 1804 1404 Locrensem
1842 1364 2056 1412 originem

428 1451 554 1478 suam
584 1441 761 1478 duxisse
789 1450 919 1488 supra
947 1439 1229 1478 coniecimus.
1258 1440 1368 1478 Nam
1395 1441 1555 1478 iterum
1579 1449 1812 1478 monemus
1830 1440 2058 1486 utriusque

428 1517 570 1554 herois
605 1526 775 1554 morum
802 1515 1105 1564 asperitatem,
1136 1526 1188 1554 ne
1216 1515 1413 1553 dicamus
1431 1517 1711 1563 arrogantem
1730 1515 2055 1564 morositatem,

431 1592 498 1630 vel
531 1602 555 1630 a
587 1591 795 1640 Sophocle
830 1591 897 1630 vel
930 1591 982 1630 ab
1014 1592 1205 1630 Homero
1239 1601 1337 1629 cum
1371 1591 1572 1639 emphasi
1603 1591 1792 1638 quadam
1822 1593 2058 1630 tractatam

430 1668 586 1714 fuisse;
637 1668 679 1705 in
728 1678 778 1705 ea
819 1667 914 1705 sola
955 1667 1091 1705 fuisse
1134 1667 1321 1715 positam
1362 1667 1588 1714 utriusque
1627 1667 1772 1705 herois
1804 1667 2056 1715 perniciem.

431 1744 552 1782 Unde
586 1754 671 1782 non
703 1743 780 1781 abs
813 1743 931 1782 omni
966 1742 1346 1781 verisimilitudine
1374 1743 1569 1781 effeceris
1596 1741 1667 1791 τὴν
1695 1748 1763 1780 τοῦ
1792 1741 1965 1788 Αἴαντος
1991 1741 2058 1780 καὶ

432 1822 601 1868 Ἀθηνᾶς
648 1817 879 1869 ἀπεχθείαν,
925 1828 1056 1865 quam
1098 1818 1262 1866 posteri
1303 1828 1325 1856 e
1367 1817 1637 1857 Cassandrae
1678 1821 1805 1866 raptu
1838 1819 2056 1866 explicare

429 1895 572 1933 conati
612 1896 732 1943 sunt,
776 1894 907 1932 altius
950 1904 1047 1932 esse
1090 1894 1336 1942 petendam.
1371 1894 1530 1932 Latent
1561 1894 1655 1932 eius
1686 1894 1854 1932 radices
1885 1894 1927 1932 in
1961 1894 2054 1942 ipso

431 1970 522 2008 solo
555 1971 771 2009 Locrensi.

796 2290 874 2332 VI.
907 2290 974 2332 De
1008 2289 1239 2331 Minervae
1272 2288 1321 2330 in
1353 2288 1561 2331 Achaeos
1596 2288 1684 2331 ira.

489 2432 611 2471 Nunc
643 2434 740 2471 ante
772 2433 918 2471 omnia
951 2433 1168 2481 agendum
1202 2433 1284 2471 erit
1311 2432 1362 2470 de
1390 2431 1609 2479 Odysseae
1635 2430 1895 2478 quibusdam
1923 2429 2050 2477 locis,

430 2508 500 2546 ubi
533 2510 660 2556 poeta
692 2508 742 2546 de
776 2509 992 2547 Minervae
1025 2509 1068 2547 in
1100 2508 1300 2547 Achaeos
1333 2508 1414 2556 ira,
1450 2507 1502 2546 de
1534 2507 1674 2545 reditu
1699 2505 1862 2544 infelici
1888 2504 2050 2544 Achae-

432 2593 574 2630 orum,
619 2583 668 2620 de
710 2583 839 2621 huius
882 2584 1048 2622 reditus
1090 2583 1253 2632 causis,
1288 2583 1338 2621 de
1371 2583 1490 2621 Iovis
1522 2582 1718 2621 consiliis
1746 2582 1847 2630 post
1876 2580 2050 2618 Troiam

431 2659 604 2705 captam
637 2657 680 2694 in
712 2657 898 2695 Graecos
930 2659 1112 2696 statutis
1144 2658 1273 2707 paulo
1306 2657 1529 2696 confusius
1560 2657 1676 2704 loqui
1706 2656 1891 2694 videtur.

490 2734 551 2771 Ac
584 2732 772 2780 primum
807 2733 1062 2772 evolvamus
1093 2749 1128 2785 y,
1164 2734 1236 2772 ubi
1267 2734 1457 2782 legimus
1488 2734 1595 2772 haec
1627 2735 1705 2777 (vs.
1744 2732 1825 2770 130
1859 2734 1989 2778 sqq.):

725 2806 848 2856 αὐτὰρ
883 2807 963 2846 ἐπεὶ
1000 2809 1196 2859 Πριάμοιο
1229 2809 1347 2848 πόλιν
1380 2806 1640 2859 διεπέρσαμεν
1671 2805 1796 2857 αἰπὴν

724 2880 789 2919 καὶ
821 2881 903 2920 τότε
935 2882 983 2931 δὴ
1019 2883 1117 2929 Ζεὺς
1148 2885 1295 2935 λυγρὸν
1329 2881 1386 2921 ἐνὶ
1419 2881 1535 2935 φρεσὶ
1569 2882 1726 2932 ’μήδετο
1762 2881 1902 2920 νόστον

729 2958 932 3008 Ἀργεΐοισ’
968 2956 1045 2995 ἐπεὶ
1082 2957 1130 2996 οὔ
1163 2974 1195 2996 τι
1229 2959 1424 3009 νοήμονες
1459 2956 1554 2997 οὐδὲ
1586 2958 1732 2997 δίκαιοι

725 3031 868 3077 πάντες
901 3030 1005 3069 ἕσαν.
