2200 3487
379 338 431 374 4⁴3
1071 344 1123 371 Dr:
1156 345 1300 372 Amen.

432 462 604 499 Dixeris
636 460 746 498 sorte
780 458 948 497 cunctis
975 468 1028 496 ex
1060 458 1273 506 Olympiis
1301 458 1553 506 Neptunum
1582 455 1786 495 Aiacibus
1811 454 1994 503 favisse,

374 538 488 585 quia,
532 535 738 583 quamdiu
771 534 941 582 liceret,
975 534 1098 572 Aiaci
1130 534 1373 582 pepercerit
1405 543 1484 572 nec
1516 533 1600 571 nisi
1632 532 1798 570 invitus
1825 530 1997 569 interfe-

374 612 491 651 cerit.
523 610 723 658 Quinimo
751 609 924 647 exstitit
951 609 1166 655 quaedam
1195 608 1360 657 fabula,
1390 618 1474 655 qua
1497 618 1584 647 non
1602 608 1802 656 Neptuno
1820 606 1893 644 sed
1914 605 1997 654 ipsi

374 688 591 726 Minervae
617 686 765 723 Aiacis
791 695 912 723 mors
938 683 1251 733 imputabatur,
1281 694 1384 722 nam
1412 683 1629 731 Vergilius
1659 682 1814 722 cecinit
1841 683 1947 720 Aen.
1978 681 1997 718 Ι

375 766 427 802 42
462 773 553 810 sqq
588 762 638 800 de
671 761 887 799 Minerva:

607 837 702 884 ipsa
727 836 844 874 Iovis
874 835 1075 883 rapidum
1107 834 1297 873 iaculata
1329 844 1351 872 e
1383 833 1572 872 nubibus
1603 833 1770 881 ignem,

609 912 864 960 disiecitque
897 913 1033 960 rates,
1069 911 1314 958 evertitque
1347 920 1534 957 aequora
1569 909 1734 956 ventis;

609 989 733 1027 iilum
768 988 1044 1036 expirantem
1078 985 1292 1024 transfixo
1324 986 1498 1034 pectore
1530 985 1736 1022 flammas

609 1065 782 1104 turbine
814 1063 1022 1112 corripuit
1056 1062 1319 1111 scopuloque
1351 1060 1496 1099 infixit
1527 1062 1668 1099 acuto.

430 1143 553 1181 Unde
585 1141 691 1179 haec
722 1139 912 1187 sumpsit
943 1138 1193 1186 Vergilius?
1225 1137 1346 1176 Idem
1379 1136 1602 1175 invenitur
1628 1136 1740 1184 apud
1768 1135 1993 1184 Hyginum

373 1219 470 1264 (fab.
508 1219 604 1262 116)
638 1218 681 1255 et
711 1216 755 1254 in
788 1225 972 1254 nummo
1000 1215 1189 1261 quodam
1217 1214 1502 1262 epicnemidio
1530 1213 1642 1261 apud
1669 1211 1829 1251 Eckhel
1858 1212 1921 1258 (D.
1949 1212 1998 1252 N.

372 1296 457 1333 vet.
493 1294 530 1332 2.
570 1290 680 1344 191).
716 1291 958 1330 Macrobius
992 1301 1093 1329 vero
1127 1290 1232 1335 (Sat.
1261 1289 1297 1327 V
1324 1286 1394 1341 22)
1421 1291 1627 1328 annotat:
1662 1299 1767 1338 „nec
1797 1289 1878 1327 hoc
1905 1288 2000 1326 sine

372 1370 632 1410 auctoritate
659 1368 846 1406 Graecae
874 1367 1112 1405 vetustatis
1140 1367 1234 1404 est'’
1262 1367 1524 1413 revocatque
1550 1365 1603 1403 ad
1620 1364 1837 1413 Euripidis
1855 1363 1996 1402 Troia·

372 1447 475 1485 dum
508 1445 704 1493 initium,
739 1442 811 1481 ubi
843 1442 1032 1490 legimus
1064 1442 1214 1481 Iovem
1246 1441 1360 1480 filiae
1393 1451 1498 1479 suae
1529 1441 1724 1479 dedisse:

1083 1523 1163 1568 πῦρ
1196 1517 1409 1569 κεραύνιον

609 1587 980 1646 βάλλεινΆχαιοὺς
1012 1599 1113 1639 ναῦς
1147 1607 1184 1631 τε
1216 1592 1441 1644 πιμπράναι
1476 1591 1575 1643 πυρί
1603 1595 1682 1638 (VS.
1716 1592 1771 1631 80
1804 1594 1897 1638 sq).

429 1673 594 1711 Plinius
622 1674 849 1721 praeterea
874 1673 1096 1711 memorat
1123 1671 1315 1719 (XXXV,
1346 1671 1384 1715 9)
1403 1670 1541 1709 fuisse
1559 1670 1753 1718 picturae
1771 1678 2000 1716 argumen-

371 1751 488 1787 tum:
512 1749 718 1797 „Aiacem
735 1748 919 1787 fulmine
938 1748 1198 1787 incensum''
1218 1747 1269 1785 ab
1287 1746 1548 1795 Apollodoro
1566 1744 1827 1784 Atheniensi
1844 1744 1999 1782 factae.

428 1825 597 1873 Quanto
641 1825 853 1863 acriorem
895 1823 1200 1862 adversarium
1233 1822 1385 1860 habuit
1417 1822 1570 1860 Ulixes
1603 1821 1880 1869 Neptunum!
1918 1819 1999 1857 Sed

373 1901 452 1938 hac
499 1910 665 1948 quoque
712 1901 756 1938 in
799 1910 844 1938 re
886 1899 1040 1939 Ulixes
1081 1900 1125 1937 et
1156 1899 1269 1938 Aiax
1300 1898 1414 1936 inter
1446 1907 1492 1936 se
1525 1896 1748 1945 differunt,
1783 1895 1896 1942 quod
1927 1893 2001 1932 ille

371 1977 626 2014 constanter
653 1976 871 2015 Minervae
900 1985 1005 2013 usus
1033 1976 1099 2014 est
1124 1973 1338 2023 amicitia,
1367 1973 1439 2011 hic
1470 1974 1619 2011 autem
1647 1981 1890 2019 numquam
1914 1980 1999 2009 non

369 2052 608 2090 Minervam
643 2052 696 2090 ad
728 2052 965 2100 perniciem
997 2061 1125 2089 suam
1158 2052 1201 2089 et
1233 2050 1421 2089 dedecus
1447 2051 1649 2098 paratam
1677 2048 1759 2086 sibi
1785 2047 1968 2086 invenit.

430 2127 584 2165 Nullus
626 2129 778 2166 auctor
818 2127 960 2166 fusius
1002 2127 1091 2175 egit
1132 2127 1182 2165 de
1222 2126 1362 2165 Aiacis
1394 2125 1622 2173 naufragio
1655 2134 1786 2172 quam
1815 2122 1999 2171 Quintus

372 2204 658 2252 Smyrnaeus,
701 2203 774 2250 qui
806 2203 850 2241 in
883 2202 991 2241 libro
1024 2197 1148 2240 XIV⁰
1181 2202 1326 2241 herois
1356 2201 1597 2250 depingens
1630 2200 1880 2249 superbiam
1913 2199 1999 2238 alia

373 2278 484 2316 dixit
516 2281 560 2317 et
590 2278 719 2317 haec:

609 2359 665 2403 φῆ
700 2352 760 2404 δέ,
791 2352 856 2392 καὶ
889 2353 923 2392 εἰ
953 2353 1056 2404 μάλα
1087 2353 1230 2399 πάντες
1258 2349 1467 2404 Ὀλύμπιοι
1499 2352 1552 2399 εἰς
1579 2352 1627 2390 ιὲν
1659 2351 1822 2390 ’ἵκωνται

608 2428 800 2479 χωόμενοι
831 2428 897 2467 καὶ
929 2435 1063 2468 πᾶσαν
1095 2427 1345 2479 ἀναστήσωσι
1377 2428 1601 2479 θάλασσαν,

609 2502 830 2556 ἐκφυγέειν·

373 2589 511 2626 neque
544 2579 757 2618 miramur
788 2581 1039 2629 Neptunum
1072 2563 1234 2619 auditis
1266 2580 1434 2619 verbis:
1466 2577 1558 2628 „nal
1583 2585 1716 2616 πᾶσαν
1744 2576 1998 2628 ἀναστήσωσι

371 2653 612 2691 θάλασσαν”
654 2655 717 2693 ira
750 2656 988 2706 exarsisse,
1022 2666 1290 2704 quamquam
1324 2657 1547 2703 hucusque
1579 2655 1701 2693 Aiaci
1732 2653 1998 2702 peculiarem

371 2729 621 2768 ostenderat
652 2729 860 2769 savorem.
894 2731 1035 2770 Huius
1067 2733 1185 2771 enim
1217 2731 1411 2770 numinis
1443 2730 1604 2769 auxilio
1631 2730 1743 2769 Aiax
1770 2730 1996 2768 servatum

371 2815 416 2844 se
459 2805 633 2843 sciebat.
676 2805 849 2855 Nonne,
895 2817 993 2845 cum
1026 2809 1093 2847 tot
1136 2808 1254 2847 viros
1299 2817 1484 2855 aequore
1527 2807 1710 2844 haustos
1752 2806 1819 2843 tot
1860 2814 1997 2842 naves

373 2880 535 2919 circum
577 2891 623 2919 se
656 2882 767 2919 mari
800 2882 1052 2921 submersas
1086 2883 1214 2922 heros
1248 2883 1442 2932 videbat,

670 2955 845 3009 Γυρῇσίν
879 2972 946 3006 μιν
979 2963 1113 3008 πρῶτοι
1148 2957 1383 2997 Ποσειδάων
1416 2955 1602 2996 ἐπέλασσε

668 3028 854 3083 πέτρῃσιν
887 3031 1077 3085 μεγάλῃσι
1110 3032 1175 3070 καὶ
1207 3032 1395 3080 ἐξεσάωσε
1426 3032 1666 3082 θαλάσσηςῖ)
