2141 3487
685 310 738 338 os
771 308 1059 338 EUGAMMONIS
1092 308 1349 338 TELEGONIA.
1745 301 1828 339 215

201 435 316 465 nunc
357 426 504 465 haberi
546 423 921 473 asseverantibus,
966 423 1131 462 multos
1163 423 1361 472 mythos,
1395 424 1469 470 qui
1499 424 1679 472 tragicis
1710 423 1827 462 fabu-

199 501 341 540 larum
375 502 609 540 materiam
643 499 936 548 praebuerint,
972 509 1027 538 ex
1058 507 1144 538 uno
1177 498 1246 537 vel
1279 498 1445 537 duobus
1477 498 1654 537 Homeri
1689 498 1833 538 verbis

201 577 316 616 male
348 577 578 625 explicatis
603 576 738 615 fuisse
766 577 885 615 ortos
920 572 960 620 1).
990 575 1182 614 Fuerunt
1208 584 1314 613 sane
1331 575 1466 614 fortes
1482 576 1583 614 ante
1600 575 1830 623 Agamem-

201 662 378 701 nonem,
413 653 485 700 qui
519 654 667 692 vatem
695 662 825 691 suum
856 652 1134 700 invenerunt,
1163 651 1265 690 licet
1290 650 1510 690 Homerus
1537 651 1587 689 de
1614 650 1667 688 iis
1685 650 1832 699 sileat,

201 729 278 768 sed
310 729 486 768 fuerunt
523 739 589 768 res
630 739 788 777 quoque
830 727 883 767 ab
922 727 1111 767 heroibus
1152 729 1302 776 qestae,
1347 737 1454 775 quas
1497 727 1716 766 Homerus
1749 737 1834 765 non

199 805 356 853 tangit.
405 805 474 844 Sic
516 816 537 844 e
581 804 757 853 fabulis,
802 814 910 851 quae
953 803 1003 842 de
1046 802 1283 857 πολυτρόπῳ
1328 802 1454 841 Ulixe
1496 803 1540 841 in
1581 802 1727 851 populi
1764 812 1836 841 ore

199 881 405 930 vigebant
436 882 479 920 et
497 863 737 929 'vivebant,
763 882 931 928 partem
959 879 1151 927 aliquam
1179 879 1223 917 in
1252 878 1448 927 Odyssea
1474 888 1554 918 sua
1581 879 1735 927 optimi
1761 878 1836 918 sed

196 968 282 997 non
314 957 430 995 unici
460 958 615 1005 poetae
647 955 896 1004 posteritati
927 955 1210 994 tradiderunt.

258 1032 448 1071 Eandem
499 1032 731 1071 materiem
778 1031 1014 1080 Sophocles
1062 1031 1273 1070 tractavit
1314 1031 1359 1069 in
1390 1030 1613 1079 tragoedia
1645 1030 1829 1080 Niptris,

197 1108 308 1156 quod
368 1117 528 1146 nomen
585 1107 688 1146 licet
738 1106 877 1145 semel
923 1108 1099 1145 tantum
1148 1107 1261 1156 apud
1309 1107 1487 1145 Suidam
1535 1108 1578 1145 et
1624 1106 1831 1145 Photium

194 1183 450 1233 reperiatur,
495 1193 594 1221 cum
635 1182 739 1221 alibi
781 1182 1006 1231 tragoedia
1039 1182 1189 1221 audiat
1222 1181 1434 1228 Ὀδυσσεὺς
1466 1179 1730 1232 ἀκανθοπλήξ
1762 1183 1832 1222 vel

197 1260 247 1298 ’O.
295 1258 557 1309 τραυματίας,
611 1259 742 1307 vulgo
800 1257 1045 1297 defenditur
1097 1257 1316 1297 Ciceronis
1364 1257 1624 1297 auctoritate
1672 1258 1829 1308 allata,

197 1338 271 1385 qui
312 1336 438 1376 Tusc.
482 1336 523 1374 II
559 1336 614 1375 48
649 1335 793 1385 docet,
828 1335 1070 1375 Pacuvium
1104 1336 1364 1385 Sophoclem
1398 1335 1623 1375 imitatum
1657 1345 1754 1374 esse
1786 1334 1829 1373 in

197 1412 421 1462 tragoedia
467 1411 640 1460 Niffiris.
675 1411 998 1459 Argumentum
1032 1412 1113 1451 hoc
1146 1413 1236 1451 est:

258 1489 412 1529 Ulixes
460 1498 639 1537 prorsus
686 1488 883 1527 incertus
929 1488 980 1527 de
1029 1498 1162 1527 sensu
1210 1489 1402 1528 Tiresiae
1446 1490 1676 1528 verborum
1725 1489 1830 1528 adiit

199 1565 425 1604 oraculum
467 1563 750 1603 Dodonaeum
792 1565 1044 1613 rogaturus,
1079 1564 1285 1612 quaniam
1318 1565 1362 1603 in
1395 1565 1572 1613 regione
1604 1565 1830 1604 hominem

197 1651 346 1680 rerum
378 1640 702 1678 maritimarum
737 1640 939 1688 ignarum
971 1641 1171 1679 invenire
1202 1642 1364 1690 posset.
1399 1641 1539 1679 Simul
1570 1651 1828 1691 responsum

198 1716 321 1766 tulit,
372 1717 421 1755 ut
467 1726 492 1754 a
539 1714 624 1755 filio
673 1717 847 1755 caveret
886 1718 1091 1758 mortem.
1135 1717 1325 1755 Homine
1367 1717 1440 1756 illo
1475 1717 1592 1756 haud
1625 1717 1751 1755 dubie
1784 1718 1827 1755 in

198 1792 342 1841 Epiro,
385 1792 571 1831 fortasse
603 1792 656 1830 ad
687 1794 885 1831 montem
921 1792 1094 1842 Oetam,
1130 1793 1311 1832 invento
1343 1792 1497 1832 Ulixes
1528 1794 1620 1832 suis
1651 1793 1829 1842 ignotus

197 1868 398 1907 Ithacam
440 1867 690 1916 revertitur,
733 1868 809 1907 sed
841 1869 1096 1917 agnoscitur
1128 1869 1180 1907 ab
1213 1869 1442 1919 Euryclea,
1477 1870 1525 1908 ut
1557 1870 1599 1907 in
1632 1870 1829 1918 Odyssea

199 1946 266 1983 est
313 1944 596 1992 descriptum.
643 1944 803 1983 Eodem
851 1946 998 1984 autem
1042 1945 1110 1984 die
1151 1945 1395 1994 Telegonus
1432 1945 1597 1984 missus
1629 1956 1654 1984 a
1686 1947 1828 1984 matre

199 2021 248 2059 ut
278 2020 522 2068 genitorem
556 2021 784 2068 quaereret
811 2022 1078 2069 tempestate
1105 2021 1148 2059 in
1176 2021 1376 2059 Ithacam
1405 2022 1470 2060 est
1496 2021 1667 2060 delatus
1685 2021 1828 2069 ibique

198 2106 326 2144 agros
367 2095 564 2144 populari
606 2096 761 2144 coepit.
804 2095 1002 2136 Clamore
1044 2099 1138 2136 orto
1181 2097 1334 2136 Ulixes
1372 2108 1470 2136 cum
1503 2098 1673 2137 advena
1704 2108 1829 2137 arma

198 2170 382 2220 confert,
418 2182 501 2219 qua
532 2172 575 2210 in
608 2181 754 2220 pugna
785 2172 980 2220 graviter
1013 2183 1038 2211 a
1064 2172 1152 2212 filio
1180 2173 1316 2212 inscio
1344 2173 1623 2222 vulneratur;
1652 2175 1828 2213 saucius

199 2246 352 2285 deinde
399 2247 579 2285 domum
627 2248 869 2287 translatus
914 2248 1109 2297 increpat
1157 2249 1377 2288 oraculum
1427 2249 1731 2298 Dodonaeum;
1780 2260 1827 2289 se

200 2322 317 2360 enim
358 2332 531 2372 semper
572 2325 759 2362 mortem
802 2334 826 2362 a
873 2324 1121 2363 Telemachi
1161 2335 1293 2364 manu
1336 2327 1668 2374 exspectantem
1711 2326 1830 2364 radio

199 2399 414 2437 venenato
456 2409 481 2437 a
510 2398 736 2447 peregrino
777 2399 922 2447 pirata
952 2400 995 2438 in
1029 2410 1075 2439 se
1108 2401 1302 2440 coniecto
1335 2400 1491 2440 laetale
1524 2401 1684 2440 vulnus
1716 2412 1833 2440 acce-

197 2473 338 2521 pisse;
382 2483 515 2521 quare
558 2484 687 2513 nemo
729 2476 821 2513 tam
859 2475 917 2513 sit
948 2476 1139 2525 ineptus,
1175 2478 1223 2515 ut
1255 2476 1414 2515 divinis
1445 2477 1668 2526 responsis
1700 2476 1831 2516 fidem

1682 2534 1713 2574 Ο

199 2656 240 2688 εἰς
259 2655 376 2684 Ῥόδον.
399 2656 521 2694 ἀποβὰς
545 2656 576 2684 δὲ
601 2661 652 2693 τῆς
676 2656 746 2689 νεὼς
772 2655 828 2684 σὺν
853 2661 913 2690 τοῖς
938 2657 1032 2696 ἥρωσι
1057 2659 1136 2686 κατά
1163 2668 1230 2686 τινα
1255 2663 1305 2695 τῆς
1327 2661 1420 2695 νήσου
1441 2660 1537 2688 τόπον
1558 2660 1670 2698 ἔρημον
1691 2661 1836 2696 ἠλαύνετο

201 2715 259 2744 ὑπὸ
293 2721 350 2744 τῶν
384 2717 553 2755 Ιθοιικόλων,
584 2718 696 2756 λῃστὰς
727 2717 946 2756 ἐμβεβληκέναι
979 2718 1166 2747 δοκούντων·
1197 2720 1246 2748 καὶ
1271 2719 1313 2756 μὴ
1337 2719 1514 2756 δυναμένων
1539 2721 1671 2749 ἀκοῦσαι
1695 2721 1836 2757 λέγοντος

199 2778 295 2805 αὐτοῦ
323 2776 377 2814 τὴν
400 2778 553 2814 ἀλήθειαν
576 2777 627 2806 διὰ
652 2777 704 2815 τὴν
728 2777 864 2818 κραυγὴν
888 2784 947 2807 τῶν
968 2785 1080 2813 κυνῶν,
1105 2780 1182 2808 ἀλλὰ
1205 2782 1382 2819 βαλλόντων
1402 2782 1558 2815 κάκείνων,
1585 2784 1834 2821 παραγενόμενος

198 2838 402 2875 Ἀλθαιμένης
432 2839 596 2873 ἀκοντίσας
627 2839 805 2868 ἀπέκτεινεν
837 2841 956 2876 ἀγνοῶν
990 2841 1145 2880 Κατρέα”.
1170 2841 1259 2871 Ecce
1284 2850 1427 2879 prorsus
1451 2842 1542 2871 idem
1569 2845 1828 2880 argumentum:

197 2898 394 2935 Telegonus
418 2908 557 2937 quoque
582 2901 737 2930 Ithacam
762 2902 906 2930 veniens
929 2910 991 2939 pro
1015 2902 1190 2939 praedone
1214 2903 1376 2933 habetur.

243 2956 266 2998 ¹)
292 2959 330 2988 E.
355 2969 386 2997 g.
411 2961 543 2991 bellum
568 2962 836 2992 Teuthrantium
861 2971 928 2991 non
953 2964 1066 2992 ortum
1092 2966 1146 2993 est
1171 2973 1188 2993 e
1211 2963 1328 2994 verbis
1356 2966 1448 2994 πάλιν
1472 2965 1696 3003 πλαγχθέντας
1719 2964 1754 2992 A
1779 2965 1830 2996 59.

198 3019 248 3049 De
275 3028 342 3058 qua
367 3030 403 3050 re
428 3019 497 3051 vid.
522 3021 708 3053 Thi-aemer
733 3024 922 3061 Pergamos
946 3032 979 3062 p.
1007 3024 1080 3053 160.
