2141 3487
818 304 870 332 DE
905 302 1048 331 ΑΙΑυΕ.
1696 286 1749 321 25

120 427 400 476 comparatus
448 425 539 461 tam
588 421 759 459 statura
807 428 936 466 quam
986 416 1116 456 factis
1166 415 1386 453 videretur
1427 412 1585 450 minor.
1630 410 1758 447 quta

122 505 236 542 hunc
277 509 444 549 quoque
486 498 543 536 ibi
587 496 811 536 colebatur
853 494 997 533 socius
1040 493 1305 539 arcitenens,
1351 489 1419 528 cui
1461 497 1485 526 a
1517 486 1652 534 stirpe
1684 483 1754 533 μεὸ

121 579 290 625 (leiden)
324 576 510 614 dabatur
543 583 702 612 nomen
737 569 891 609 Μέδων
924 571 970 615 (Β
1004 570 1118 614 727).
1149 568 1218 606 Sic
1245 566 1337 606 noti
1365 565 1490 604 erant
1517 561 1619 607 Αἴας
1640 562 1755 598 Τελα-

121 655 269 705 μώνιος
301 654 344 692 et
378 654 550 700 Τεῦκρος
583 650 626 688 in
660 647 910 696 regionibus
943 646 1043 684 sinu
1077 644 1284 683 Saronico
1319 639 1622 687 conterminis,
1658 635 1759 681 Αἴας

122 728 142 769 ὁ
169 729 290 779 μείων
318 730 362 767 et
390 725 543 765 Μέδων
570 726 614 764 in
642 724 839 772 Locride,
870 722 1011 772 patria
1038 719 1362 767 antiquissima.
1385 713 1428 754 ‘O
1446 715 1568 766 μείων
1586 715 1754 760 autem,

121 808 169 844 ut
205 806 300 853 ipsa
333 814 403 843 res
435 803 539 851 fert,
573 803 697 851 patre
731 809 880 838 carere
913 808 998 837 non
1026 798 1214 846 poterat.
1245 795 1314 833 Ita
1340 792 1473 832 fiebat
1497 790 1605 831 Oilei
1631 789 1761 827 filius.

122 881 269 921 Oileus
318 889 420 919 vero
468 877 685 927 Apollinis
734 874 1054 924 appellativum
1098 876 1209 920 erat,
1253 880 1336 918 quo
1384 870 1427 907 in
1470 866 1668 914 Locride,
1710 866 1759 902 ut

121 956 526 998 demonstrabimus
581 954 712 1001 infra,
767 952 838 990 hic
885 951 992 989 deus
1039 947 1339 987 invocabatur.
1388 945 1470 983 Sed
1518 944 1562 982 et
1608 940 1760 980 Medon

122 1035 274 1074 eodem
317 1034 441 1081 patre
481 1030 704 1078 utebatur,
740 1029 787 1066 ut
818 1027 983 1065 Teucer
1016 1026 1143 1064 iuxta
1176 1024 1358 1063 Aiacem
1391 1021 1606 1060 maiorem
1644 1019 1761 1055 Τελα-

120 1109 268 1160 μώνιος
299 1106 537 1147 dicebatur.
566 1105 780 1144 Homines
808 1102 988 1142 serioris
1015 1101 1177 1140 aetatis
1204 1098 1450 1138 Medontem
1477 1098 1520 1136 et
1547 1096 1762 1135 Teucrum

120 1195 197 1234 pro
238 1182 402 1232 νόθοις,
442 1182 601 1221 Aiaces
643 1191 721 1230 pro
762 1178 942 1231 γνησίοις
975 1177 1236 1216 habuerunt.
1269 1175 1417 1222 Neque
1449 1172 1626 1221 iniuria,
1661 1180 1764 1209 nam

121 1262 160 1301 si
191 1261 406 1309 originem
438 1260 632 1308 spectas,
667 1257 825 1295 Aiaces
858 1255 951 1294 veri
984 1255 1109 1293 erant
1134 1252 1396 1300 terrigenae,
1426 1250 1590 1289 Teucer
1617 1248 1765 1286 autem

122 1338 166 1376 et
207 1336 360 1376 Medon
400 1334 634 1375 recentiori
676 1332 814 1373 cultui
846 1332 890 1371 in
921 1330 1151 1370 Locridem
1183 1328 1432 1368 introducto
1466 1326 1606 1365 vitam
1639 1323 1760 1363 debe·

123 1412 240 1451 bant.
292 1412 494 1461 Quinimo
541 1411 715 1449 tantum
764 1408 835 1447 hic
883 1407 1025 1446 cultus
1072 1405 1228 1455 valuit,
1273 1407 1323 1442 ut
1364 1400 1384 1441 ὁ
1426 1401 1548 1453 μείων
1580 1409 1762 1449 quoque,

123 1490 225 1529 licet
267 1499 289 1528 e
325 1490 444 1527 terra
486 1487 606 1526 esset
646 1487 791 1534 natus,
825 1494 931 1523 mox
964 1482 1181 1532 Apollinis
1214 1481 1292 1520 Ilei
1325 1481 1486 1529 gnatus
1517 1477 1765 1516 haberetur.

125 1566 271 1613 Neque
319 1565 482 1603 mirum
533 1563 765 1612 videbitur,
816 1562 929 1610 quod
973 1558 992 1598 ὁ
1035 1559 1172 1610 μείων,
1212 1559 1366 1607 utpote
1407 1555 1480 1603 qui
1511 1555 1554 1592 in
1587 1551 1766 1591 Locride

124 1640 433 1690 remansisset,
478 1639 669 1689 plurima
711 1638 891 1687 originis
933 1647 1037 1676 suae
1069 1635 1258 1675 servarit
1290 1632 1500 1680 vestigia:
1535 1629 1604 1668 hic
1634 1627 1767 1676 igitur

124 1716 168 1755 in
211 1716 494 1756 Locrensium
537 1715 742 1764 coloniis,
786 1716 879 1752 tam
918 1711 1264 1752 occidentalibus
1296 1718 1428 1757 quam
1461 1703 1767 1751 orientalibus,

124 1793 168 1832 in
201 1792 330 1832 Italia
363 1794 406 1831 et
438 1792 483 1831 in
517 1792 682 1831 Troade
714 1792 758 1829 in
792 1790 922 1829 rebus
954 1789 1091 1828 sacris
1123 1788 1268 1827 locum
1302 1795 1434 1825 suum
1468 1780 1670 1822 obtinuit.

181 1869 411 1908 Lectorum
438 1868 482 1906 in
510 1866 795 1907 commodum
822 1866 971 1915 paucis
997 1864 1312 1912 indicavimus,
1338 1871 1446 1909 quae
1472 1860 1515 1898 in
1545 1855 1765 1906 capitibus

126 1944 410 1993 sequentibus
452 1943 595 1982 fusius
637 1941 962 1982 tractabuntur.
1004 1940 1276 1979 Verebamur
1308 1938 1455 1976 autem
1488 1945 1542 1974 ne
1575 1932 1766 1981 disputa-

126 2021 262 2060 tionis
304 2022 485 2059 nostrae
527 2021 652 2059 tenor
694 2029 769 2068 pro
804 2019 1024 2057 variarum
1058 2027 1206 2056 rerum
1237 2013 1523 2054 multitudine
1554 2011 1764 2049 lectorem

130 2096 336 2144 quamvis
379 2097 602 2135 attentum
647 2095 838 2144 effugere
869 2096 1032 2143 posset.
1070 2093 1194 2131 Nunc
1226 2101 1328 2130 vero
1360 2087 1663 2138 praemonitus
1694 2094 1770 2133 per

131 2172 278 2211 varios
324 2182 452 2211 casus
495 2182 655 2221 perque
694 2172 761 2210 tot
791 2170 1048 2209 discrimina
1080 2178 1226 2208 rerum
1259 2165 1433 2205 itineris
1465 2165 1612 2203 certus
1645 2171 1766 2209 argu-

131 2248 456 2286 mentationem
489 2247 611 2295 sequi
643 2247 815 2295 poterit.

193 2323 342 2362 Unum
396 2333 498 2361 vero
547 2323 638 2361 iam
687 2322 982 2361 absolvimus:
1032 2320 1319 2370 probavimus
1366 2317 1610 2356 Homerum
1658 2313 1770 2351 hanc

131 2398 184 2437 ob
218 2408 397 2437 causam
432 2398 588 2437 ambos
625 2398 783 2437 Aiaces
814 2398 905 2437 fere
939 2407 1114 2446 semper
1147 2396 1190 2434 in
1223 2394 1418 2434 carmine
1445 2392 1565 2441 epico
1598 2390 1771 2429 coniun-

131 2473 252 2513 xisse
285 2474 396 2521 quod
429 2475 534 2512 tunc
565 2474 777 2522 temporis
808 2474 928 2512 fama
960 2473 1117 2512 horum
1150 2473 1337 2510 heroum
1369 2468 1549 2517 originis
1576 2465 1770 2505 nondum

131 2559 311 2597 prorsus
344 2551 462 2588 esset
493 2549 800 2588 intermortua.
835 2549 1013 2588 Abierat
1046 2549 1132 2587 iam
1167 2545 1187 2586 ὃ
1219 2546 1361 2597 μείζων
1393 2556 1415 2584 e
1440 2543 1582 2593 patria
1608 2540 1769 2589 natali,

131 2625 275 2663 factus
332 2625 426 2663 erat
479 2624 783 2674 Telamonius,
833 2625 909 2664 sed
957 2625 1153 2664 nondum
1202 2621 1468 2662 Salaminius
1516 2618 1770 2657 habebatur.

132 2700 272 2738 Natus
304 2701 397 2738 erat
431 2700 611 2749 Teucer,
644 2702 687 2739 at
721 2700 915 2739 nondum
949 2700 993 2738 in
1026 2700 1193 2739 Troade
1226 2699 1368 2737 lucem
1398 2695 1626 2745 aspexisse
1652 2693 1772 2731 fama

128 2775 309 2814 ferebat.
354 2775 622 2824 Supererant
655 2776 919 2815 documenta
950 2775 1200 2825 levissima,
1236 2784 1346 2823 quae
1379 2772 1604 2812 Locridem
1640 2769 1769 2817 respi-

132 2859 229 2890 cere
265 2852 487 2899 cogerent.
