2200 3487
460 334 540 370 140
1076 344 1128 370 DE
1162 344 1455 371 AMAZONIBUS.

448 452 675 493 ‘Ekioid‘al'’
709 467 788 494 sua
819 459 975 505 sponte
1002 458 1055 495 ad
1083 468 1205 496 aram
1233 457 1444 506 procedit,
1474 467 1573 495 cum
1599 456 1806 503 Aeschyli
1831 455 1921 504 illa,
1951 465 2082 501 quam

457 541 614 570 vaccae
672 532 812 569 instar
859 532 1046 570 vinculis
1094 533 1368 580 capistroque
1417 531 1655 571 cohibitam
1702 532 1818 570 servi
1865 530 1917 568 ad
1965 539 2084 568 aram

454 606 631 645 sistunt.
674 607 849 645 Videbit
890 607 978 646 illic
1018 607 1248 646 mulierem
1290 607 1494 656 liberam,
1527 617 1606 646 suo
1638 607 1834 655 arbitrio,
1869 610 2082 653 quantum

454 692 550 719 sors
597 682 731 731 sinat,
781 692 850 720 res
897 682 1158 730 dirigentem
1201 683 1370 730 sibique
1413 682 1722 731 subicientem,
1766 682 1836 720 hic
1866 681 2084 719 infelicem

452 765 537 794 non
585 756 814 795 mulierem
862 758 936 795 sed
985 768 1096 806 rem,
1141 758 1314 805 qualem
1356 767 1410 795 ne
1452 758 1631 795 Homeri
1673 758 1847 804 quidem
1882 756 2084 803 aequales

452 840 644 877 unquam
693 834 1006 881 cognoverant,
1056 833 1179 870 cuius
1223 843 1379 880 corpus
1419 834 1621 879 artesque
1664 831 1932 879 emebantur,
1976 841 2085 878 quae

450 906 694 953 patiebatur
726 908 890 956 omnia,
926 908 1112 946 faciebat
1145 909 1374 947 volebatve
1401 909 1534 947 nihil:
1563 908 1775 946 feminam
1804 907 2082 946 Hesiodeam·

512 980 752 1019 Hominum
786 982 918 1030 igitur
950 985 1125 1021 mentes
1158 994 1256 1022 cum
1289 984 1367 1022 tali
1401 984 1680 1022 contentione
1707 983 1944 1021 identidem
1973 991 2082 1020 com-

452 1058 746 1106 moverentur,
780 1057 927 1096 audita
960 1060 1027 1096 est
1053 1059 1172 1097 fama
1199 1059 1434 1097 mulierum
1460 1058 1593 1097 libere
1622 1059 1885 1107 viventium,
1914 1057 2083 1106 proprio

452 1132 586 1170 Marte
629 1134 936 1182 pugnantium,
982 1134 1179 1173 virorum
1223 1134 1367 1173 officia
1398 1135 1584 1172 viriliter
1617 1133 1969 1181 exsequentium.
2002 1132 2087 1171 Ubi

451 1207 556 1245 talia
598 1208 776 1246 feminis
817 1208 1017 1258 licerent,
1065 1210 1121 1247 ibi
1166 1210 1273 1248 nihil
1318 1220 1402 1248 non
1437 1210 1490 1247 iis
1522 1210 1667 1258 licere,
1700 1210 1837 1247 immo
1870 1207 2082 1247 muliebre

451 1293 587 1330 genus
618 1283 845 1332 imperare,
881 1284 1131 1323 clamabant
1164 1285 1320 1332 quibus
1353 1286 1558 1333 antiquus
1591 1286 1736 1323 status
1767 1284 1892 1322 unice
1924 1282 2084 1331 probus

449 1359 492 1396 et
524 1358 728 1406 optabilis
760 1359 1003 1407 videretur3
1038 1360 1323 1398 historiarum
1358 1362 1507 1399 autem
1540 1360 1776 1408 scriptores
1801 1360 1893 1398 tam
1921 1369 2083 1398 sermo-

450 1443 528 1471 nes
575 1433 826 1481 aequalium
874 1444 1005 1481 quam
1054 1436 1228 1473 veteres
1271 1437 1473 1473 auctores
1515 1445 1590 1483 pro
1629 1435 1824 1473 fontibus
1855 1434 2082 1482 habentes,

456 1508 641 1546 nimium
683 1509 727 1546 in
769 1509 963 1547 historiis
994 1510 1319 1548 conscribendis
1351 1510 1594 1549 rhetoricae
1627 1510 1709 1548 arti
1740 1509 2016 1557 indulgentes
2040 1507 2082 1559 1),

457 1584 621 1622 famam
664 1593 844 1631 parvam
887 1584 1080 1632 primum
1123 1595 1228 1623 mox
1266 1585 1541 1624 sustulerunt
1572 1586 1614 1624 in
1649 1595 1777 1623 auras
1808 1585 2083 1633 graviterque

456 1660 559 1697 sunt
599 1658 733 1698 locuti
776 1659 827 1697 de
861 1659 1222 1698 Sauromatarum
1258 1662 1606 1708 gynaecocratia.
1639 1661 1726 1699 Nos
1759 1662 1923 1709 autem,
1957 1660 2029 1708 qui
2062 1671 2084 1699 e

459 1734 606 1773 Tacito
654 1737 697 1773 et
744 1735 978 1775 Plutarcho
1020 1736 1227 1774 novimus
1270 1736 1587 1775 Germanorum
1631 1737 1838 1775 mulieres
1870 1746 1946 1785 pro
1978 1736 2086 1774 viris

458 1812 607 1848 contra
649 1811 868 1849 Romanos
901 1813 1165 1860 pugnantes,
1200 1814 1344 1850 castra
1375 1812 1642 1861 munientes,
1679 1812 1850 1860 vigilias
1882 1812 2081 1860 agentes,

455 1895 621 1924 necnon
664 1886 894 1924 didicimus
935 1886 1015 1925 has
1046 1887 1257 1925 mulieres
1289 1888 1338 1925 ut
1369 1887 1606 1926 honoratas
1634 1888 1697 1925 sic
1728 1897 1951 1934 nunquam
1983 1887 2083 1925 civi-

454 1962 596 1999 tatum
641 1962 857 2010 principes
898 1962 1034 2000 fuisse
1075 1962 1266 2011 habitas,
1311 1973 1391 2001 nos
1433 1963 1811 2010 gynaecocratiam
1852 1962 1973 2001 illam
2007 1972 2085 2001 suo

456 2037 592 2084 pretio
624 2037 912 2076 aestimantes
944 2037 998 2083 εἰς
1030 2039 1213 2075 Σκυθῶν
1246 2036 1414 2089 ἐρημίαν
1447 2038 1540 2077 sive
1572 2039 1764 2077 iocorum
1792 2038 1835 2076 in
1862 2038 2083 2086 regionem

457 2113 713 2158 quantocius
761 2113 1068 2161 relegabimus,
1118 2114 1311 2152 Fuerunt
1357 2115 1544 2153 fortasse
1584 2114 1691 2152 talia
1730 2114 1934 2152 instituta
1973 2113 2086 2162 apud

458 2186 588 2226 Cares
621 2188 745 2236 olim,
779 2189 943 2227 Lemno
976 2189 1019 2227 in
1053 2189 1216 2236 insula,
1247 2189 1320 2227 Coi
1347 2200 1531 2239 quoque,
1560 2200 1644 2237 qua
1671 2190 1721 2228 de
1747 2199 1792 2228 re
1820 2189 2086 2228 sententiam

457 2264 654 2301 nostram
688 2265 815 2302 caute
849 2264 1104 2303 differemus
1137 2265 1273 2303 donec
1305 2264 1380 2302 σὺν
1413 2268 1524 2310 θεοῖς
1557 2266 1625 2303 his
1658 2275 1826 2312 quoque
1858 2265 1986 2303 rebus
2012 2264 2090 2303 lux

460 2338 614 2376 clarior
647 2338 917 2387 lucidiorque
951 2340 1189 2380 affulserit:
1223 2350 1338 2379 nunc
1372 2341 1423 2379 ad
1457 2341 1725 2389 propositum
1760 2341 2004 2379 redeamus.

518 2413 633 2461 Quae
676 2415 813 2453 semel
855 2426 930 2464 per
963 2426 1091 2455 aures
1124 2417 1319 2455 demissa
1350 2417 1394 2455 in
1427 2417 1596 2455 intimis
1628 2417 1856 2455 hominum
1891 2415 2092 2454 cordibus

458 2488 601 2526 locum
634 2488 933 2540 obtinuerunt,
969 2492 1062 2530 sive
1090 2502 1194 2530 vera
1221 2492 1315 2530 sive
1342 2492 1454 2530 falsa
1481 2493 1602 2541 sunt,
1632 2501 1759 2540 aegre
1786 2493 1937 2540 postea
1954 2501 2092 2539 genus

457 2563 687 2602 hominum
729 2565 836 2613 eripi
878 2566 959 2604 sibi
1001 2567 1166 2615 patitur
1209 2567 1518 2606 melioribusve
1561 2567 1807 2605 notionibus
1848 2567 1963 2616 pelli.
1997 2567 2091 2605 Stet

458 2639 599 2686 gratia
632 2650 712 2678 sua
744 2641 787 2678 et
818 2641 955 2679 honor
988 2642 1168 2680 Homeri
1204 2642 1367 2681 verbis:

752 2713 824 2763 τὴν
856 2714 930 2766 γὰρ
963 2714 1108 2766 ἀοιδὴν
1141 2719 1291 2766 μᾶλλον
1324 2713 1562 2755 ἐπικλείουσ’
1600 2715 1811 2765 ἅνθρωποι

753 2790 777 2840 ’ἦ
810 2807 866 2837 τις
900 2790 1161 2831 ἀκουόντεσσι
1193 2792 1366 2842 νεωτάτη
1399 2791 1688 2842 ἀμφιπέληται,
1722 2816 1773 2820 ——

502 2976 526 3019 l)
553 2977 671 3016 Polyb.
703 2980 778 3015 XII,
812 2981 870 3010 27:
898 2982 934 3016 „15
959 2982 1017 3022 γὰρ
1035 2981 1167 3023 Ἔφορος
1194 2982 1367 3015 δεινότατός
1391 2984 1472 3012 ἐστιν
1498 2984 1527 3011 ἐι·
1553 2988 1615 3013 ταῖς
1638 2984 1849 3023 παραβάσεσι
1870 2983 1919 3011 καὶ
1946 2988 2008 3015 ταῖς
2031 2982 2075 3023 ἀφ

456 3041 552 3068 αὑτοῦ
576 3052 657 3078 γνωμ
663 3041 827 3079 ολογιάις.”
