2141 3487
823 299 876 326 DE
910 297 1107 326 cARNms.
1702 291 1778 328 167

154 425 312 453 numen
358 415 552 454 cornibus
589 415 832 462 praeditum
875 412 1120 459 colebatur;
1165 413 1336 461 deinde,
1382 413 1461 451 hoc
1503 414 1671 452 Numen
1712 424 1786 461 pro

154 490 394 538 priscorum
423 490 650 528 hominum
680 489 956 538 opinionibus
984 487 1143 536 duplici
1171 488 1331 536 forma,
1362 488 1500 526 altera
1526 489 1786 536 masculina,

153 565 294 604 altera
335 566 566 614 feminina,
611 566 655 603 in
688 565 906 604 cultorum
943 563 1167 601 mentibus
1202 563 1389 610 vixisse;
1425 563 1608 611 denique
1638 565 1788 612 imagi-

154 650 254 679 nem
303 640 582 690 femininam,
634 642 678 678 ut
728 642 823 679 erat
871 641 1018 677 mente
1059 640 1289 687 concepta,
1336 639 1424 677 iam
1470 640 1790 686 antiquissimis

154 716 426 764 temporibus
475 726 577 755 cum
624 716 747 754 Luna
795 715 1027 754 coaluisse.
1086 714 1329 752 Masculina
1380 724 1480 752 vero
1530 714 1605 753 illa
1651 715 1792 753 multo

154 792 331 830 demum
382 794 480 840 post
527 792 717 830 formam
769 791 931 829 abiecit
979 790 1306 839 θηριόπλαστον,
1353 791 1403 828 ut
1450 791 1517 828 dei
1565 791 1792 830 cuiusdam

154 868 369 917 Olympici
412 869 655 916 imaginem
701 867 914 905 indueret.
961 866 1078 914 Quod
1121 866 1292 913 quando
1335 868 1379 903 et
1421 877 1495 905 cur
1537 866 1598 905 sit
1629 867 1794 905 factum

154 944 266 982 infra
310 945 579 991 videbimus;
625 945 780 992 priscis
814 953 936 986 vero,
982 943 1032 981 de
1066 943 1223 990 quibus
1256 952 1373 981 nunc
1407 943 1598 991 agimus,
1635 945 1798 991 tempo-

157 1020 277 1059 ribus
324 1021 438 1059 nude
481 1020 784 1068 appellabatur
828 1016 847 1056 ὁ
887 1019 1102 1068 Κάρνειος,
1136 1028 1275 1066 neque
1307 1019 1453 1057 deerat
1488 1019 1690 1067 mythus,
1726 1019 1798 1065 qui

155 1104 254 1133 cum
299 1095 378 1133 dea
420 1098 603 1134 cornuta
636 1094 852 1133 affinitate
884 1094 1073 1142 quadam
1109 1095 1373 1142 coniungere
1406 1104 1503 1132 eum
1540 1093 1795 1132 conabatur.

153 1171 202 1209 In
244 1171 318 1209 illa
362 1174 479 1210 certe
521 1171 717 1222 regione,
762 1171 834 1208 ubi
878 1169 1034 1208 Carnei
1076 1170 1325 1208 sacerdotes
1359 1170 1523 1208 eximio
1555 1169 1796 1208 utebantur

155 1247 335 1296 honore,
381 1247 614 1296 Sicyonem
651 1248 765 1296 dico,
809 1248 914 1285 nata
947 1249 1014 1284 est
1046 1245 1241 1284 Praxilla
1273 1247 1458 1294 poetria,
1495 1255 1604 1292 quae
1638 1245 1794 1284 cecinit

160 1320 210 1367 ὡς
248 1320 448 1372 Εὐρώτης
480 1321 547 1360 καὶ
583 1322 676 1368 Διὸς
711 1322 769 1372 εἴη
804 1320 823 1360 ὁ
858 1321 1066 1371 Κάρνειος.

938 1643 1009 1682 IV.

218 1791 423 1829 Aetatem
472 1792 758 1840 pastoriciam
807 1792 1099 1831 comitabatur
1148 1792 1217 1830 vel
1265 1794 1467 1831 secutum
1513 1795 1578 1830 est
1622 1794 1798 1840 tempus

159 1876 243 1913 quo
276 1868 558 1914 praevalebat
592 1868 882 1915 agricultura3
921 1868 1045 1906 cuius
1077 1867 1249 1906 labores
1282 1868 1477 1906 duriores
1509 1868 1607 1916 plus
1639 1867 1798 1915 quietis

159 1944 348 1989 poscunt
389 1943 440 1981 ad
487 1944 599 1982 vires
632 1942 904 1982 reficiendas.
946 1944 1178 1992 Agricolae
1211 1944 1346 1992 igitur
1379 1944 1472 1982 dies
1506 1944 1643 1982 festos
1675 1944 1795 1981 insti-

160 2019 282 2056 tutos
312 2019 499 2066 agebant
532 2021 608 2068 ita,
639 2021 688 2058 ut
715 2021 916 2068 operibus
943 2020 1076 2059 soluti
1104 2021 1317 2068 genioque
1346 2020 1625 2067 indulgentes
1645 2029 1793 2056 veram

160 2089 300 2143 ἓορτήν
342 2096 434 2133 tam
476 2096 715 2144 vovpaqvlmg
758 2105 889 2143 quam
933 2096 1195 2144 πανσελήνοις
1240 2095 1522 2134 celebrarent.
1554 2094 1647 2132 Non
1681 2094 1795 2142 quod

161 2169 290 2209 lunae
323 2172 495 2210 numini
521 2172 620 2220 plus
648 2182 778 2219 quam
806 2173 1007 2220 pastores
1035 2172 1187 2210 debere
1215 2182 1262 2210 se
1290 2172 1630 2218 arbitrarentur;
1658 2172 1795 2209 immo

163 2245 324 2284 minus.
373 2247 480 2285 Nam
533 2258 631 2285 cum
682 2248 768 2286 late
819 2248 967 2295 vagari
1015 2247 1270 2295 desiissent,
1331 2247 1569 2294 glebaeque
1617 2247 1798 2294 ascripti

162 2322 438 2368 experientia
485 2323 762 2370 didicissent,
812 2323 905 2361 sive
954 2323 1092 2361 bonos
1134 2322 1228 2360 sive
1271 2322 1413 2360 malos
1455 2322 1624 2360 fructus
1664 2322 1798 2360 ferret

159 2406 274 2445 ager,
309 2398 455 2436 terrae
487 2399 750 2445 praesertim
786 2400 969 2436 naturae
1003 2398 1043 2436 id
1077 2407 1175 2436 esse
1208 2397 1510 2444 tribuendum,
1554 2398 1797 2435 ceterorum

164 2472 397 2511 numinum
441 2474 587 2512 cultus
628 2484 728 2522 prae
772 2473 929 2512 Terrae
972 2474 1122 2511 Matris
1153 2473 1226 2511 illo
1261 2482 1481 2520 nunquam
1516 2473 1681 2510 omisso
1714 2472 1800 2509 illis

163 2547 364 2596 frigebat.
412 2549 574 2588 Tamen
617 2553 806 2598 priscani
848 2549 995 2587 Lunae
1038 2548 1333 2587 reverentiam
1376 2548 1628 2586 servabant.
1672 2547 1801 2585 quta

165 2634 328 2672 agnum
370 2628 597 2673 pastorum
641 2626 724 2663 ritu
768 2625 810 2662 in
853 2634 927 2662 ara
960 2624 1063 2663 deae
1097 2626 1362 2672 mactatum,
1398 2634 1499 2671 aper
1533 2623 1599 2660 dei
1633 2624 1802 2660 cornuti

166 2700 209 2737 in
241 2700 449 2739 honorem
487 2701 686 2748 cadebat,
721 2701 794 2738 sed
828 2710 927 2738 cum
961 2709 1115 2737 omnes
1149 2708 1326 2737 menses
1360 2708 1495 2745 aeque
1522 2698 1625 2736 olim
1654 2699 1803 2735 essent

164 2775 384 2814 observati
427 2787 450 2814 a
494 2776 764 2826 pastoribus,
798 2775 1000 2822 agricolis
1032 2774 1106 2812 ille
1138 2774 1399 2822 praesertim
1439 2773 1480 2810 in
1515 2774 1678 2810 honore
1711 2773 1801 2810 erat

165 2851 332 2889 mensis
359 2862 443 2899 quo
471 2852 639 2900 largam
668 2861 723 2889 ex
750 2850 864 2888 areis
893 2849 1136 2896 vinetisque
1166 2858 1359 2887 messem
1383 2848 1579 2886 ferebant
1597 2847 1800 2893 domum;

165 2927 341 2974 tempus
374 2927 467 2965 dico
501 2926 771 2965 autumnale.

229 3001 337 3050 Quid
386 3002 549 3041 mirum
594 3002 786 3050 cantica,
833 2999 1113 3047 saltationes,
1158 2999 1302 3047 ludos,
1349 3007 1542 3045 quaeque
1580 2996 1664 3035 alia
1696 3006 1805 3034 mes-
