2200 3487
408 344 461 381 72
1104 352 1156 379 on
1189 351 1335 379 AIACF).

467 467 676 504 Attamen
724 466 895 504 videtur
940 466 1113 503 scutum
1157 464 1250 502 eius
1295 463 1429 501 latius
1471 462 1599 501 solito
1641 462 1794 510 fuisse,
1837 471 1920 508 quo
1965 462 2030 500 vel

405 541 512 579 duos
560 541 759 578 homines
801 542 947 587 tegere
989 540 1148 587 posset.
1195 538 1274 576 Sed
1317 537 1453 576 nolite
1486 537 1683 576 oblivisci
1715 537 1846 575 etiam
1878 537 2031 584 postea

405 625 757 662 unumquemque
804 613 1056 662 ὑπασπιστήυ
1101 612 1236 661 clipeo
1280 622 1358 650 suo
1400 612 1543 650 iustae
1583 612 1749 650 formae
1781 613 1952 659 praeter
1983 621 2029 649 se

406 690 539 728 alium
581 700 748 736 quoque
785 689 1010 727 defendere
1042 688 1238 736 potuisse
1271 687 1394 730 (Xen.
1433 687 1570 726 Anab.
1606 686 1677 736 IV,
1711 688 1750 736 2,
1785 688 1867 731 31).
1903 686 2028 734 Quor-

406 774 505 802 sum
552 764 658 801 haec
700 764 876 801 omnia?
918 763 976 800 Ut
1018 761 1253 810 probemus
1294 760 1337 799 τὸ
1378 767 1448 800 τοῦ
1491 761 1637 807 σάκους
1679 755 1793 811 εὖρος
1826 762 2030 808 antiquos

406 840 644 887 rhapsodos
677 848 950 885 nequaquam
982 838 1043 876 ita
1077 837 1390 886 commovisse,
1425 839 1471 875 ut
1499 837 1720 886 proprium
1748 847 1908 876 nomen
1935 837 2032 874 inde

406 915 626 952 ducerent.
672 914 856 962 Revera,
891 923 988 951 sero
1022 914 1198 952 demum
1234 913 1468 961 Eurysacis
1499 923 1658 952 nomen
1693 913 1805 960 apud
1838 913 2036 950 auctores

405 999 584 1037 graecos
612 988 888 1026 offendimus
919 988 1122 1035 Quinimo
1149 988 1399 1037 SophocleS,
1430 989 1554 1027 cuius
1581 989 1623 1026 in
1651 987 1783 1026 Aiace
1801 986 2032 1034 Eurysacis

406 1074 565 1102 nomen
597 1063 788 1111 primum
821 1063 1055 1111 invenitur,
1090 1064 1163 1110 qui
1195 1063 1310 1101 hunc
1343 1062 1483 1102 filium
1511 1073 1536 1101 a
1561 1062 1697 1111 patris
1722 1064 1848 1101 scuto
1875 1071 2032 1100 nomen

406 1139 623 1186 accepisse
654 1137 808 1185 voluit,
844 1147 898 1175 ne
931 1138 968 1175 is
1001 1137 1175 1184 quidem
1210 1138 1261 1176 de
1290 1139 1417 1186 clipei
1444 1138 1675 1176 latitudine
1701 1137 1842 1175 ullum
1870 1136 2035 1175 addidit

408 1214 608 1262 verbum,
643 1223 741 1250 cum
776 1212 960 1250 diceret:

699 1284 774 1324 ἀλλ’
812 1285 909 1325 αὐτό
942 1301 1010 1336 μοι
1044 1287 1113 1336 σύ,
1143 1290 1235 1337 παῖ,
1265 1286 1400 1338 λαβὼν
1432 1286 1663 1337 ἐπώνυμον,

699 1361 953 1412 Εὐρύσακες,
984 1361 1083 1412 ἴσχε,
1116 1361 1182 1400 διὰ
1214 1363 1479 1413 πολυρράφου
1512 1362 1692 1413 στρέφων

696 1436 923 1487 πόρπακος,
953 1434 1168 1487 ἑπτάβοιον
1201 1435 1401 1488 ἄρρηκτον
1434 1437 1565 1484 σάκος·

695 1511 740 1549 τὰ
773 1508 808 1549 δ’
846 1510 942 1549 ἄλλα
975 1512 1089 1562 τεύχη
1123 1508 1220 1550 κοίν’
1261 1511 1346 1562 ἐμοὶ
1379 1512 1610 1562 τεθάψεται.

462 1588 660 1639 Videsne,
704 1589 774 1634 qui
815 1587 1010 1635 tragicus
1050 1589 1182 1636 poeta
1224 1588 1510 1637 structuram,
1555 1588 1874 1628 firmitudinem
1908 1590 2034 1638 clipei

402 1664 581 1711 indicet,
615 1662 732 1700 nullo
767 1662 898 1700 verbo
931 1662 982 1700 de
1015 1662 1248 1700 latitudine
1282 1672 1336 1700 ne
1368 1662 1450 1701 hoc
1482 1663 1654 1710 quidem
1688 1663 1794 1712 loco,
1829 1664 1902 1702 ubi
1932 1673 2035 1712 prae

401 1738 556 1776 ceteris
590 1737 793 1775 omnibus
826 1737 1172 1785 exspectandum
1208 1741 1344 1784 esset,
1380 1737 1561 1776 addito?

462 1813 615 1851 Stabat
645 1813 688 1851 in
722 1814 897 1866 Κολωνῷ
931 1811 1120 1866 ἀγοραίῳ,
1152 1813 1195 1850 in
1229 1813 1356 1851 demo
1389 1813 1626 1862 Melitensi,
1670 1823 1746 1851 ara
1779 1813 2032 1861 Eurysacis,

400 1888 441 1926 τὸ
477 1887 767 1938 Εὐρυσάκειον.
802 1888 930 1926 Nulla
963 1890 1111 1927 autem
1146 1899 1252 1937 gens
1285 1889 1653 1937 Eurysacidarum
1686 1899 1879 1936 unquam
1907 1890 2035 1928 Athe-

401 1965 468 2002 nis
501 1964 599 2012 fuit,
635 1967 683 2002 ut
715 1966 832 2002 recte
867 1964 1121 2002 observavit
1154 1964 1363 2013 Toeppfer
1396 1966 1487 2003 Att.
1522 1964 1696 2003 Geneal.
1726 1975 1765 2012 p.
1796 1965 1894 2003 278.
1922 1964 2033 2003 Nam

400 2040 471 2086 qui
519 2039 569 2077 ab
613 2040 742 2077 Aiace
773 2050 819 2079 se
852 2039 1060 2077 oriundos
1093 2040 1397 2088 perhibebant,
1433 2039 1765 2087 appellabantur
1797 2039 2033 2077 Philaidae.

403 2117 456 2154 Hi
491 2125 591 2153 vero
624 2115 845 2153 Braurone
876 2114 1098 2153 sedebant.
1133 2115 1339 2153 Philaeus
1373 2124 1617 2163 eponymus
1649 2114 1803 2152 horum
1840 2114 2033 2152 virorum

402 2191 452 2229 ab
501 2190 596 2228 aliis
639 2190 773 2228 frater
816 2189 867 2227 ab
910 2189 1006 2227 aliis
1048 2189 1167 2228 filius
1208 2190 1441 2237 Eurysacis
1484 2189 1735 2228 vocabatur.
1780 2189 1870 2238 Qua
1902 2199 1955 2228 ex
1987 2200 2032 2228 re

404 2265 513 2304 effici
557 2267 700 2312 potest
743 2265 1007 2312 Eurysacem
1041 2265 1221 2303 heroem
1256 2265 1510 2314 obscurum,
1545 2266 1596 2303 de
1628 2275 1711 2312 quo
1745 2268 1843 2303 ante
1875 2265 2030 2313 Sopho-

401 2341 513 2378 clem
556 2349 772 2387 nusquam
810 2341 1041 2387 quicquam
1075 2340 1283 2389 innotuit,
1315 2340 1456 2379 locum
1492 2340 1618 2378 iuxta
1650 2341 1831 2378 Aiacem
1863 2341 1906 2378 et
1936 2339 2029 2377 Phi-

400 2415 545 2453 laeum
578 2425 663 2452 non
696 2414 899 2453 habuisse
932 2416 1008 2453 sed
1042 2415 1125 2453 sibi
1157 2416 1445 2462 quaesivisse.

460 2489 563 2528 Post
607 2500 758 2528 omnes
805 2489 979 2539 heroes,
1013 2491 1084 2538 qui
1118 2501 1142 2529 a
1168 2491 1290 2539 factis
1330 2492 1395 2529 vel
1430 2501 1452 2529 e
1484 2487 1670 2529 moribus
1702 2490 1840 2538 patris
1871 2499 2031 2528 nomen

399 2575 527 2602 suum
561 2565 799 2613 duxerunt,
835 2567 883 2603 ut
914 2566 1164 2615 Astyanax,
1196 2567 1503 2615 Telemachus,
1532 2566 1811 2613 Tisamenus,
1841 2564 1930 2613 ille,
1961 2565 2032 2611 qui

401 2651 425 2678 a
456 2640 590 2688 patris
617 2643 725 2678 scuto
755 2642 821 2678 est
848 2641 1178 2689 denominatus,
1207 2623 1541 2680 recentissimus
1568 2643 1636 2679 est
1663 2650 1801 2687 neque
1833 2639 1912 2678 ulli
1945 2649 2030 2678 non

400 2716 522 2763 parvi
557 2715 772 2753 videbitur
804 2717 944 2763 pretii.
988 2717 1165 2755 Minime
1209 2717 1422 2755 miramur
1455 2716 1590 2754 talem
1623 2716 1799 2754 heroem
1833 2716 2033 2763 posteros

398 2791 541 2829 nullos
559 2791 800 2837 reliquisse.
821 2791 1018 2830 Habebat
1036 2794 1210 2839 quidem
1230 2803 1354 2831 aram
1372 2793 1415 2830 in
1434 2792 1560 2830 demo
1578 2791 1810 2839 Melitensi,
1830 2790 1904 2828 sed
1924 2800 2032 2838 quae

399 2866 513 2903 haud
537 2866 663 2903 dubie
680 2867 949 2913 temporibus
967 2868 1279 2907 recentioribus
1298 2869 1392 2906 erat
1409 2869 1571 2915 erecta,
1602 2867 1791 2904 fortasse
1810 2865 2034 2913 Sophoclis

399 2942 577 2979 demum
606 2943 762 2989 aetate,
793 2942 860 2979 cui
888 2942 1131 2990 Eurysaces
1160 2955 1238 2982 rex
1261 2944 1526 2981 Salaminius
1544 2943 1639 2980 fuit.
1660 2943 1773 2980 Arae
1792 2941 2032 2979 Melitensis

399 3016 546 3055 nullus
579 3017 848 3055 mentionem
881 3017 982 3056 fecit
1015 3020 1115 3057 ante
1148 3019 1413 3058 Pausaniam
1447 3020 1491 3057 et
1523 3017 1929 3066 Harpocrationem.
