2141 3487
803 343 857 372 DE
890 344 1034 372 AIACE.
1654 340 1735 377 115

399 461 541 506 φυτοῖς
574 456 768 508 ἀκάρποις
800 460 894 509 γυῖα
927 456 1154 507 συμφλέξας
1189 456 1284 495 ὅταν

387 531 614 582 ρἨφαιστος
647 533 700 579 εἰς
728 532 941 571 θάλασσαν
974 531 1148 587 ἕκβράσῃ
1182 533 1352 582 σποδὸν,

400 614 467 658 τῆς
501 607 541 647 ἐκ
573 608 712 657 λόφων
747 609 958 660 Τράρωνος
991 607 1269 659 ἐφθιτωμένης

102 687 213 726 verti
234 687 441 735 possunt:
475 686 642 734 „undae
661 686 910 734 sepulcrum
930 685 1145 734 parabunt
1165 685 1404 733 virginibus
1423 687 1612 726 simulac
1628 689 1743 736 ignis

104 762 302 802 membra
341 761 635 800 combusserit
674 763 927 809 cineresque
970 762 1014 799 in
1054 771 1174 800 mare
1217 762 1329 800 erint
1368 762 1541 811 deiecti;
1577 765 1742 803 unicui-

103 849 185 886 que
224 838 394 877 scilicet
439 838 615 886 virgini,
661 838 785 876 cuius
824 848 926 876 ossa
959 847 981 876 e
1013 839 1164 876 monte
1207 837 1422 887 Trarone‚
1455 839 1528 877 ubi
1561 840 1656 888 ipsa
1689 842 1739 880 ad

104 914 214 952 nihil
246 915 334 962 igni
366 914 498 952 fuerit
530 914 729 962 reducta,
765 914 1092 952 mandabuntur
1125 914 1282 951 mari'’.

164 989 393 1028 Concisius
435 989 611 1037 quidem
656 990 822 1027 dictum
867 991 932 1027 est
975 994 1043 1038 τῆς
1075 986 1117 1026 ἐκ
1148 988 1288 1037 λόφων
1324 989 1536 1040 Τράρωνος
1570 989 1742 1040 ἐφθιτω-

104 1063 225 1115 μένης
258 1076 334 1114 pro
366 1071 444 1102 τῶν
479 1063 521 1102 ἐν
553 1064 694 1113 λόφοις
732 1064 947 1114 Τράρωνος
975 1067 1311 1102 κατακαυθεισῶν
1341 1063 1407 1102 καὶ
1433 1064 1474 1103 ἐκ
1502 1072 1579 1104 τῶν
1605 1070 1743 1116 λόφων

101 1141 432 1191 καταβληθεισῶν
481 1141 556 1179 sed
605 1139 910 1190 αἰνιγματωδῶς
960 1150 1007 1178 se
1055 1141 1302 1188 exprimere
1349 1141 1492 1180 solere
1538 1144 1581 1181 et
1627 1144 1744 1183 iusto

104 1216 280 1255 brevius
317 1216 495 1254 doctum
540 1215 665 1254 illum
710 1216 1043 1264 Lycophronem
1089 1216 1184 1264 quis
1223 1217 1396 1255 nescit?
1428 1217 1586 1266 Incipit
1616 1222 1745 1267 poeta

103 1302 288 1331 numero
332 1291 489 1340 plurali
536 1286 615 1337 (αἷς
664 1289 830 1340 ξέναις),
879 1293 927 1330 ut
975 1302 1158 1330 sensum
1208 1293 1430 1340 exprimat
1476 1295 1747 1344 generalem,

101 1368 263 1407 transit
306 1368 359 1406 ad
401 1378 635 1406 numerum
671 1367 943 1416 singularem
986 1371 1066 1417 (τῆς
1099 1367 1414 1419 ἐφθιτωμένης),
1449 1378 1496 1409 ut
1528 1372 1746 1420 significet

104 1445 313 1484 Troianos
360 1444 440 1483 tali
481 1444 610 1482 modo
654 1444 798 1492 egisse
841 1445 1189 1492 quotienscunque
1227 1455 1357 1484 serva
1398 1446 1441 1484 in
1484 1448 1589 1486 aede
1628 1452 1747 1488 esset

111 1522 285 1560 mortua
317 1527 446 1568 atque
478 1520 521 1558 in
557 1522 706 1559 monte
742 1520 985 1559 combusta.

169 1597 465 1635 Transeamus
499 1597 551 1635 ad
583 1606 735 1635 versus
768 1598 1026 1642 sequentes:

345 1671 460 1710 ἄλλαι
493 1669 535 1710 δὲ
568 1672 724 1722 νύκτωρ
757 1674 841 1717 ταῖς
875 1669 1152 1721 θανουμὲναις
1185 1671 1269 1709 ἴσαι
1301 1675 1432 1710 κ.τ.λ.

167 1749 276 1798 „Sed
319 1748 430 1787 aliae
463 1750 594 1786 noctu
628 1749 806 1786 venient
839 1757 1024 1786 numero
1058 1757 1184 1796 pares
1216 1748 1461 1796 virginibus
1494 1750 1600 1800 illis,
1636 1762 1745 1799 quae

110 1827 224 1874 (post
251 1825 332 1863 hoc
361 1824 634 1869 vaticinium)
662 1824 704 1862 in
731 1824 835 1862 aede
863 1824 1153 1863 morientur'’.
1182 1823 1427 1864 Cassandra
1454 1827 1600 1866 futura
1627 1840 1744 1878 prae-

106 1902 252 1939 dicens
279 1901 503 1949 participio
532 1901 668 1939 utitur
693 1901 840 1939 futuro
874 1899 1163 1949 θαυουμέναις.
1198 1902 1413 1942 Mirabilia
1445 1914 1548 1943 vero
1581 1906 1662 1945 hoc
1694 1908 1744 1947 de

106 1977 251 2016 futuro
294 1977 565 2024 excogitavit
607 1977 857 2024 Holzinger‚
904 1977 1028 2016 cuius
1067 1979 1402 2017 annotationem
1434 1989 1519 2018 non
1555 1980 1745 2021 laudabi-

106 2063 228 2100 mus;
263 2063 422 2091 sensus
454 2063 556 2092 vero
590 2063 718 2101 quem
754 2064 775 2091 e
810 2064 940 2091 versu
975 2053 1124 2092 elicuit
1162 2054 1306 2092 locum
1343 2056 1411 2094 hic
1444 2056 1660 2107 inveniat,
1697 2062 1744 2098 ut

105 2129 313 2177 appareat
369 2129 592 2167 neminem
652 2138 705 2166 ne
754 2129 896 2167 virum
947 2129 1124 2176 quidem
1173 2130 1516 2177 sagacissimum
1565 2133 1745 2182 impune

105 2204 270 2243 diutius
302 2205 345 2242 in
379 2204 679 2252 Lycophronis
712 2204 890 2252 scriptis
924 2205 1088 2242 versari
1119 2214 1269 2252 posse:
1319 2206 1450 2254 „Also
1490 2208 1630 2247 heisst
1662 2214 1746 2256 ταῖς

104 2278 382 2329 θαυουμέναις
415 2279 519 2318 ἴσαι;
554 2279 616 2318 sie
649 2280 788 2328 gehen
820 2280 864 2318 in
898 2280 979 2318 den
1013 2280 1215 2319 sicheren
1249 2281 1356 2330 Tod‚
1396 2283 1495 2321 sind
1528 2285 1665 2323 sehon
1697 2297 1745 2325 so

105 2359 182 2405 gut
214 2357 281 2396 als
313 2357 453 2396 todt’'.

166 2433 292 2472 Valet
318 2433 451 2481 igitur
488 2433 568 2470 hoc
602 2432 714 2481 loco,
750 2432 786 2470 si
820 2432 1025 2470 audimus
1057 2432 1307 2482 Holzinger‚
1341 2433 1444 2473 ἴσαι;
1479 2446 1527 2474 so
1560 2438 1636 2484 gut
1662 2438 1744 2486 als,

105 2511 154 2547 ut
198 2510 233 2545 E
266 2509 352 2547 438
402 2507 564 2557 δαίμονι
610 2508 737 2553 Ησος.
787 2508 887 2556 Sed,
937 2509 986 2546 ut
1031 2509 1082 2547 de
1130 2519 1263 2548 sensu
1312 2510 1427 2549 iusto
1475 2512 1746 2552 intricatiore

103 2586 294 2632 taceam,
339 2584 504 2622 refutat
542 2584 753 2622 editorem
790 2584 1004 2622 articulus
1036 2588 1131 2630 ταῖς.
1164 2585 1404 2625 Dicendum
1439 2588 1554 2626 enim
1588 2588 1747 2627 fuisset

104 2658 382 2708 θανουμέναις
416 2659 500 2697 ἴσαι
533 2660 602 2698 vel
634 2659 781 2707 potius
814 2659 1056 2706 τεθνεώσαις
1090 2660 1184 2699 ἴσαι.

165 2736 339 2784 Optime
372 2735 588 2774 scholium
624 2745 805 2773 sensum
834 2735 1080 2774 reddiderat
1108 2747 1284 2784 graece:
1318 2737 1435 2786 ,ὅσαι
1462 2737 1536 2789 γὰρ
1565 2737 1745 2792 ἀπέθνῃ-

103 2822 199 2849 σκον
242 2816 432 2848 τοσαῦται
474 2807 551 2848 o’cvt’
599 2809 732 2848 αὐτῶν
765 2808 989 2848 ἐστέλλοντο
1024 2809 1066 2848 ἐν
1103 2812 1290 2866 Τρῳάόι”
1326 2814 1421 2861 (leg.
1456 2814 1509 2860 εἰς
1546 2815 1743 2868 Τρῳάδα).

105 2886 187 2924 Pro
220 2886 462 2934 virginibus
495 2887 628 2934 igitur
661 2887 755 2934 ipso
789 2887 832 2924 in
859 2887 1024 2933 templo
1052 2889 1241 2926 mortuis
1269 2889 1380 2927 aliae
1408 2900 1544 2936 aequo
1562 2900 1744 2928 numero

103 2972 125 3000 e
173 2962 351 3000 Locride
399 2962 703 3001 mittebantur.
754 2961 797 2999 Si
844 2964 1030 3009 utraque
1077 2973 1207 3001 serva
1248 2966 1424 3002 mortua
1456 2967 1567 3013 erat,
1602 2966 1743 3004 mitte-

104 3037 263 3076 bantur
298 3059 350 3065 —
386 3039 489 3076 ante
537 3037 700 3076 bellum
750 3038 1013 3076 Phocaicum
1049 3059 1100 3065 -—
1130 3038 1258 3087 duae,
1305 3040 1343 3077 si
1384 3039 1524 3077 altera
1565 3040 1742 3079 demum
