2141 3487
767 340 821 367 Dm
854 339 1050 367 CARNEIS.
1640 336 1710 371 161

93 463 238 501 pugna
284 453 456 501 egisse?
503 453 645 491 Immo
688 456 882 511 certum.>
914 453 1023 491 Nam
1067 456 1164 501 post
1206 464 1398 501 pugnam
1435 457 1718 495 commissam

92 529 282 576 primum
327 539 558 577 quemque,
604 530 675 576 qui
717 529 880 567 Dianae
921 539 1042 568 sacer
1087 529 1320 568 haberetur
1355 531 1463 578 dies,
1499 535 1722 580 exspecta·

93 606 214 652 runt,
247 614 329 651 quo
364 607 513 642 votum
548 605 585 643 si
617 615 700 643 non
733 615 863 643 omne
896 607 941 643 at
972 615 1048 653 pro
1080 607 1202 653 parte
1233 606 1474 644 constituta
1505 607 1609 646 deae
1642 609 1704 647 so]

95 682 262 726 verent,
292 680 458 727 fuitque
486 680 556 718 hic
571 680 664 719 dies
682 680 720 720 d.
734 682 888 719 sextus
907 680 1072 719 mensis
1089 680 1361 728 insequentis
1378 681 1721 723 Boedromionis.

95 755 254 793 Mansit
287 756 390 793 haec
425 756 719 803 consuetudo;
754 765 834 794 nec
865 758 1147 804 praepostere
1180 755 1224 793 τὰ
1257 755 1440 805 Γενέσια,
1471 758 1539 796 die
1572 759 1722 804 quinto

93 833 369 869 mortuorum
427 833 470 869 in
518 814 728 870 honorem
777 831 1013 880 celebrata,
1062 842 1160 870 cum
1221 831 1433 871 sacrificio
1481 833 1548 872 die
1595 837 1722 873 sexto

93 906 146 944 ob
191 907 418 946 victoriam
462 910 729 956 reportatam
774 906 964 957 Ἀρτέμιδι
1005 913 1051 961 τῇ
1095 907 1255 960 Χθονίᾳ
1299 908 1444 948 oblato
1493 910 1723 950 coniuncta

94 981 367 1021 videbantur.

153 1058 354 1097 Alterum
398 1069 566 1106 quoque
607 1058 829 1097 Plutarchi
872 1062 1204 1107 argumentum,
1248 1060 1283 1097 si
1323 1061 1500 1108 propius
1533 1063 1722 1102 conside-

93 1136 229 1182 ratur,
271 1131 444 1174 fumum
490 1145 587 1173 esse
628 1134 862 1183 apparebit.
898 1134 1243 1183 Commiserunt,
1280 1136 1436 1185 inquit,
1471 1137 1725 1177 innumeras

94 1219 265 1258 pugnas
312 1216 382 1248 τοῦ
426 1211 552 1261 μηνὸς
600 1210 833 1259 ἱσταμένουὶ
880 1209 987 1259 Quid
1030 1211 1095 1249 ni!
1140 1210 1234 1249 Hac
1272 1212 1388 1249 enim
1431 1212 1482 1250 de
1530 1223 1576 1252 re
1624 1224 1722 1252 cum

94 1284 316 1325 Herodoto
373 1288 593 1326 consentit
639 1284 659 1325 ὁ
709 1287 964 1336 Χαιρωνεύς,
1015 1288 1115 1334 post
1163 1286 1451 1334 plenilunium
1500 1288 1726 1336 Spartanis

94 1361 276 1402 educere
305 1364 548 1402 exercitum
575 1363 772 1412 licuisse,
803 1363 920 1401 diem
948 1363 1082 1411 igitur
1100 1363 1266 1401 mensis
1285 1363 1484 1410 quintum
1506 1365 1723 1404 decimum

96 1437 303 1477 ultimum
346 1440 482 1478 fuisse
524 1438 804 1478 Carneorum.
849 1438 958 1478 Cum
1002 1449 1104 1477 vero
1146 1449 1220 1486 per
1261 1438 1392 1477 ferias
1424 1441 1726 1480 novemdiales

95 1513 202 1552 deus
234 1515 462 1564 coleretur,
497 1518 679 1564 apparet
706 1525 784 1554 sex
811 1515 964 1563 primis
991 1515 1144 1553 diebus
1170 1515 1338 1552 mensis
1364 1525 1440 1562 per
1471 1515 1723 1564 religionem

95 1590 204 1629 nihil
236 1591 462 1631 obstitisse
494 1592 728 1639 quominus
761 1591 1092 1630 Lacedaemonii
1125 1592 1351 1628 sumerent
1382 1600 1519 1630 arma.

156 1667 241 1715 „At
291 1667 469 1706 obstant
521 1668 656 1706 etiam
704 1667 815 1705 alter
855 1667 1066 1705 Herodoti
1105 1666 1245 1714 locus,
1292 1666 1423 1704 verba
1465 1667 1725 1717 Pausaniae,

96 1742 361 1781 scholiastae
402 1743 694 1782 observatio.'’
736 1743 831 1781 Non
875 1743 1023 1789 cred03
1067 1742 1232 1780 aunum
1279 1742 1396 1780 enim
1444 1743 1729 1781 nominarunt

99 1827 311 1857 mensem.
347 1818 425 1867 Qui
453 1819 490 1857 si
516 1819 879 1857 Boedromionem
910 1818 1158 1866 voluerunt,
1189 1820 1235 1856 ut
1263 1817 1542 1866 Plutarchus,
1571 1828 1725 1866 parum

97 1896 224 1933 caute
265 1897 314 1934 ut
355 1894 428 1933 ille
460 1895 691 1933 historiam
724 1894 1063 1941 conturbarunt;
1098 1894 1164 1932 sin
1201 1894 1252 1931 de
1284 1903 1542 1941 unoquoque
1575 1903 1728 1932 mense

99 1970 289 2010 valuisse
333 1971 645 2020 perhibuerunt
685 1971 827 2019 legem
869 1981 953 2018 qua
1001 1970 1289 2018 plenilunium
1330 1969 1561 2008 observare
1602 1971 1726 2009 Lace-

98 2046 318 2085 daemonii
348 2047 614 2096 iuberentur,
651 2070 704 2075 —
739 2047 851 2095 quod
884 2047 977 2085 veri
1010 2047 1118 2085 duco
1150 2046 1381 2094 dissimile,
1421 2066 1470 2071 —
1506 2045 1644 2084 valuit
1677 2047 1728 2084 de

100 2120 265 2161 Oarneo
297 2133 466 2171 quoque
500 2133 664 2162 mense.

155 2197 309 2245 Itaque
332 2200 428 2237 tute
453 2199 719 2237 constituere
747 2207 982 2245 possumus
1009 2197 1377 2235 Lacedaemonios
1405 2195 1571 2234 Carnea
1588 2197 1730 2244 egisse

100 2285 175 2322 per
224 2275 434 2322 temporis
477 2275 669 2322 spatium
713 2274 990 2313 novemdiale
1037 2273 1149 2320 quod
1192 2273 1516 2320 Metagitnionis
1563 2274 1730 2310 mensis

100 2349 389 2398 plenilunium
417 2350 721 2398 antecedebat,
750 2349 777 2388 i.
797 2360 832 2387 e.
861 2349 928 2387 die
956 2349 1146 2397 septimo
1174 2359 1308 2395 usque
1337 2349 1388 2386 ad
1418 2348 1531 2386 diem
1552 2350 1728 2386 sextum

102 2425 335 2464 decimum.

160 2578 221 2616 De
267 2580 445 2625 tempore
486 2578 716 2624 postquam
761 2576 867 2614 certi
909 2585 1065 2613 sumus
1107 2575 1231 2623 facti,
1282 2574 1531 2622 fragmenta
1578 2575 1733 2622 quibus

104 2654 248 2702 agitur
294 2653 345 2691 de
392 2653 550 2691 ratione
607 2661 691 2699 qua
732 2649 899 2689 Carnea
947 2650 1293 2698 celebrabantur,
1343 2660 1364 2688 e
1412 2649 1733 2698 lexicographis

103 2728 363 2778 praesertim
406 2728 607 2774 collecta,
651 2736 927 2773 enumerare,
970 2725 1007 2763 si
1051 2735 1160 2773 opus
1199 2726 1256 2763 sit
1297 2735 1373 2772 pro
1416 2724 1582 2762 viribus
1623 2725 1733 2763 meis

105 2804 341 2854 explicare,
382 2804 476 2842 loca
517 2803 590 2842 ubi
631 2803 737 2841 deus
768 2801 990 2840 colebatur
1030 2801 1251 2838 succincte
1284 2809 1506 2838 recensere
1534 2809 1730 2847 pergam,

102 2881 201 2920 dein
242 2880 294 2919 de
335 2879 603 2919 Garneorum
649 2877 833 2925 origine,
868 2876 1026 2924 patria,
1063 2875 1263 2923 historia,
1300 2876 1516 2922 quatenus
1548 2875 1732 2912 materia

103 2966 153 2994 ac
196 2956 313 2994 vires
355 2955 518 3003 sinent,
564 2953 810 3001 disputabo.
847 2951 1131 2998 Fragmenta,
1167 2960 1276 2997 quae
1309 2949 1609 2997 praemittam,
1645 2949 1729 2987 iam

101 3033 201 3071 ante
233 3031 472 3079 collegerat
504 3030 544 3068 S.
581 3029 704 3067 Wide
737 3029 779 3066 in
813 3027 921 3065 libro
955 3026 1193 3064 utilissimo
1223 3024 1521 3073 „Lakonische
1548 3024 1731 3071 Kulte‘’;

178 3102 371 3129 Virum-mm.
1592 3094 1622 3121 11
