2200 3487
445 357 499 395 70
1137 368 1190 395 DE
1222 366 1367 395 ΑΙΑΟΕ.

442 481 599 519 vicinia
641 483 708 519 est
749 479 791 518 τὸ
832 480 1081 530 καλούμενον
1120 481 1308 518 Γλαύκου
1351 478 1528 529 πήδημα.
1572 474 1674 517 εἶναι
1708 476 1749 517 δὲ
1781 478 1905 518 αὐτὸν
1937 477 2067 529 ἁλιέα,

440 556 507 595 καὶ
540 555 622 595 ἐπεὶ
653 563 720 606 τῆς
753 556 853 602 πόας
886 556 1007 608 ἔφαγε
1041 557 1213 605 δαίμονα
1247 554 1288 594 ἐν
1315 555 1502 609 θαλάσσῃ
1528 555 1718 607 γενέσθαι
1745 554 1812 594 καὶ
1830 553 2063 606 ἀνθρώποις

441 630 486 668 τὰ
527 630 693 681 ἐσόμενα
736 630 939 682 προλέγειν
981 631 1190 669 ferebant.
1226 630 1558 679 Adstipulamur
1590 631 1778 679 Gruppio
1810 630 1894 675 (Gr.
1928 630 2063 678 Myth.

441 717 479 755 p.
516 707 584 750 69)
618 707 846 745 conicienti
879 706 1110 754 piscatoris
1153 706 1282 744 huius
1319 706 1522 753 mythum
1557 717 1578 744 e
1611 706 1679 744 dei
1710 706 1912 754 Messapii
1944 705 2063 744 cultu

442 782 712 830 profluxisse.
748 780 885 819 Simul
917 782 1066 818 autem
1095 790 1315 819 memores
1341 779 1472 819 fimus
1496 780 1641 819 Protei
1666 781 1772 819 artis
1798 780 2063 818 vaticinandi

442 856 478 901 (δ
511 857 595 895 365
629 859 749 904 sqq.),
800 865 925 903 quem
968 854 1131 905 γέροντα
1179 854 1291 892 ἅλιον
1338 856 1427 893 iam
1470 865 1603 903 supra
1644 855 1687 893 in
1730 855 1884 893 harum
1917 865 2062 893 rerum

441 930 732 979 disputatione
779 930 1055 968 offendimus.
1105 930 1246 968 Schol.
1295 930 1393 968 Eur.
1437 929 1505 968 Or.
1550 929 1635 967 318
1690 930 1814 967 docet
1856 929 2063 967 Glaucum

442 1016 574 1053 equas
606 1005 810 1043 habuisse
843 1005 885 1042 αἳ
915 1004 1182 1042 διεσπάσαντο
1216 1003 1285 1043 τὸν
1318 1003 1424 1042 ἴδιον
1453 1003 1648 1053 δεσπότην
1676 1005 1859 1041 Γλαῦκον
1887 1002 1954 1041 τὸν
1972 1005 2064 1042 Βελ-

439 1079 681 1131 λεροφόντου
722 1077 888 1130 πατέρας
927 1089 1011 1127 qua
1043 1080 1295 1119 narratione
1329 1080 1488 1119 iterum
1523 1078 1782 1118 Corinthum
1816 1081 1859 1118 et
1891 1079 2065 1118 Troeze-

440 1166 541 1194 nem
574 1155 784 1193 ducimur,

497 1230 682 1268 Glaucus
741 1230 857 1268 enim
905 1230 1196 1277 piscatoribus
1251 1229 1464 1279 propitius
1511 1230 1636 1278 deus,
1685 1229 1758 1276 qui
1803 1229 2061 1268 Anthedone

437 1305 669 1353 colebatur,
705 1315 729 1343 a
761 1304 997 1342 Corinthiis
1029 1305 1144 1343 inter
1175 1315 1300 1354 reges
1323 1306 1521 1353 receptus
1546 1304 1591 1343 τὰ
1609 1303 1772 1355 Ἴσθμια
1789 1306 1832 1343 in
1850 1304 2059 1343 honorem

436 1386 505 1418 τοῦ
549 1376 731 1428 Ἰσθμίου
780 1378 848 1423 (cf.
896 1380 1091 1417 stemma
1138 1390 1177 1428 p.
1226 1381 1295 1425 66)
1344 1380 1591 1419 instituisse
1631 1380 1865 1419 ferebatur.
1909 1379 2060 1418 Nonne

435 1457 586 1494 eodem
606 1455 731 1493 modo
751 1454 935 1493 alterum
956 1454 1182 1504 Glaucum,
1202 1455 1498 1504 Telamonem,
1518 1455 1561 1494 in
1579 1455 1856 1494 sacerdotum
1870 1456 2064 1492 stemma

433 1533 649 1580 regiorum
688 1533 912 1579 receptum
946 1542 1043 1570 esse
1075 1532 1270 1570 dixeris?
1303 1532 1416 1570 Mare
1444 1542 1611 1579 quoque
1628 1531 1908 1569 transvectus
1935 1529 2058 1568 Glau-

434 1618 509 1646 cus
552 1607 594 1644 in
637 1607 770 1654 Lycia
816 1607 985 1655 regium
1039 1607 1226 1646 obtinuit
1272 1608 1502 1657 honorem,
1547 1609 1595 1646 ut
1635 1607 1814 1645 Telamo
1856 1606 2058 1645 Graeciae

431 1683 523 1721 solo
566 1682 716 1720 relicto
749 1682 792 1720 in
824 1682 1074 1730 regionibus
1111 1683 1423 1722 transmarinis
1464 1682 1710 1721 divinitatis
1757 1691 1862 1720 suae
1904 1681 2061 1720 oblitus

432 1759 716 1806 mortalisque
758 1758 901 1796 factus
943 1768 1017 1806 per
1059 1758 1237 1797 saecula
1270 1768 1431 1797 nomen
1463 1767 1591 1796 suum
1624 1757 1888 1796 transmisit.
1933 1757 2056 1805 Quin—

431 1834 518 1872 imo
563 1833 722 1872 Glauce
765 1832 963 1871 Creontis
1004 1832 1110 1882 filia,
1157 1843 1266 1881 quae
1306 1833 1417 1872 fonti
1458 1832 1682 1872 Corinthio
1725 1843 1885 1871 nomen
1925 1842 2056 1871 suum

428 1909 650 1957 imposuit,
697 1917 850 1947 revera
890 1908 974 1946 fuit
1017 1908 1096 1946 dea
1136 1909 1309 1947 marina
1341 1919 1362 1947 e
1390 1919 1475 1956 qua
1501 1908 1750 1956 Pherecyde
1782 1910 1895 1946 teste
1926 1909 2058 1946 natus

429 1987 494 2023 est
515 2015 522 2024 .
544 2015 551 2023 .
575 2015 581 2023 .
604 2014 611 2023 .
631 1984 823 2024 Telamo,

486 2060 664 2098 Telamo
712 2060 843 2107 igitur
889 2060 1080 2107 Neptuni
1127 2059 1242 2098 filius
1286 2072 1307 2099 e
1351 2061 1429 2098 dea
1472 2060 1642 2098 marina
1684 2062 1834 2108 natus,
1872 2060 1940 2098 cui
1973 2060 2055 2107 ipsi

428 2147 535 2175 uxor
578 2136 661 2175 fuit
702 2146 865 2174 numen
908 2136 1149 2185 marinum,
1193 2137 1266 2183 qui
1298 2136 1475 2174 nomine
1507 2136 1731 2174 Atlantem
1764 2138 1894 2173 deum
1925 2135 2054 2173 mari-

428 2222 532 2250 num
575 2212 618 2249 in
662 2211 924 2249 memoriam
963 2213 1110 2260 vocat,
1156 2212 1278 2250 cuius
1320 2211 1435 2250 filius
1467 2212 1716 2259 Alcyoneus
1747 2211 2054 2249 denominatus

426 2289 492 2324 est
526 2297 550 2324 a
580 2287 768 2334 Neptuni
803 2297 954 2335 uxore,
990 2287 1062 2334 qui
1095 2288 1138 2325 in
1172 2288 1326 2326 iisdem
1357 2287 1626 2336 regionibus,
1662 2286 1818 2334 quibus
1845 2286 2051 2334 Glaucus,

422 2361 716 2410 Phytalmius,
753 2361 963 2400 Calaurus
990 2363 1245 2411 regnabant,
1275 2363 1583 2411 honorabatur,
1614 2363 1714 2409 quin
1744 2365 1787 2400 et
1813 2362 1905 2409 ipse
1923 2361 2054 2399 fuerit

422 2446 583 2474 numen
618 2437 836 2475 marinum
868 2446 956 2475 non
991 2437 1260 2476 dubitamus.

482 2511 578 2558 Egit
619 2511 669 2550 de
711 2511 962 2550 Telamonis
1005 2513 1183 2550 nomine
1226 2512 1378 2550 Girard
1420 2513 1539 2556 (Rev.
1575 2513 1612 2550 d.
1647 2515 1703 2551 et.
1738 2522 1801 2559 gr.
1839 2512 1966 2556 1905)
2007 2511 2050 2550 in

421 2587 714 2633 disputatione
759 2587 968 2635 inscripta
1014 2587 1152 2636 „Aiax
1186 2587 1255 2625 fils
1289 2588 1340 2626 de
1373 2588 1601 2637 Telamon,
1636 2588 1763 2626 e'tude
1795 2587 1847 2625 de
1877 2587 2047 2634 mytho-

420 2661 531 2709 logie
564 2662 812 2708 heroique’'.
847 2662 1085 2701 Videamus
1117 2673 1223 2701 num
1259 2673 1358 2701 cum
1387 2664 1563 2702 auctore
1596 2662 1885 2710 sagacissimo
1912 2661 2052 2701 facere

420 2736 660 2785 possimus,
711 2737 778 2774 cui
826 2737 906 2775 hac
955 2737 1130 2784 quidem
1179 2739 1222 2776 in
1268 2748 1313 2776 re
1354 2738 1540 2777 libenter
1581 2738 1884 2786 astipulamur,
1937 2738 2046 2784 quod

421 2811 671 2849 Telamonis
714 2813 904 2851 nominis
949 2815 1264 2862 etymologiam
1308 2814 1530 2862 vulgatam
1573 2814 1830 2861 quantocius
1869 2813 2048 2852 abicien-

422 2887 522 2924 dam
555 2887 770 2925 iudicarit.

477 2961 723 3000 Hodiernos
758 2972 795 3000 V.
823 2963 860 3001 d.
895 2964 933 3001 si
962 2965 1104 3013 audis,
1140 2975 1299 3003 nomen
1327 2974 1457 3002 suum
1484 2963 1662 3002 Telamo
1691 2964 1858 3012 accepit
1884 2973 1908 3002 a
1935 2964 2050 3002 scuti

417 3036 577 3085 balteo,
627 3036 744 3075 illius
790 3047 945 3086 nempe
992 3040 1123 3089 scuti,
1166 3050 1249 3088 quo
1288 3039 1404 3078 filius
1446 3039 1560 3077 Aiax
1592 3039 1793 3088 prodibat
1825 3041 2046 3085 armatus,
