2141 3487
802 321 853 348 DE
887 320 1030 347 ΑιΑοΕ.
1676 310 1731 347 49

99 441 283 480 aliorum
331 437 588 488 populorum
637 435 794 474 ritibus
843 434 1091 474 subsidium
1136 433 1372 482 petendum
1418 442 1516 472 esse
1559 434 1732 472 ducant.

102 517 170 555 Sic
216 516 403 563 legimus
451 512 563 562 apud
610 512 857 550 Usenerum
902 509 969 548 τὸν
1014 508 1236 560 μακαρίτην
1280 509 1320 547 in
1365 508 1473 547 libro
1516 509 1736 548 ditissimo

102 589 472 641 „Sintflutsagen”
505 599 542 636 p.
565 589 649 626 216
667 597 783 635 sqq.:
822 584 1295 635 „Altskandinavische
1328 585 1430 624 sitte
1464 594 1555 623 war
1582 595 1629 623 es
1656 585 1736 623 den

99 664 449 706 scheiterhaufen
491 664 560 702 fiir
601 664 726 702 einen
761 662 892 710 konig
918 661 1018 700 oder
1052 661 1207 699 helden
1240 661 1283 698 in
1317 660 1461 699 einem
1494 660 1646 699 schiffe
1684 671 1736 698 zu

99 741 345 790 schichten,
395 741 472 780 das
519 740 630 779 nach
681 739 754 778 der
801 738 1084 786 entziindung
1121 737 1197 775 des
1241 737 1623 776 scheiterhaufens
1656 738 1738 777 den

100 818 429 857 meereswellen
462 816 716 855 iiberlassen
745 815 908 854 wurde.
937 814 1058 852 Nach
1087 813 1185 851 dem
1214 813 1430 851 aufhoren
1459 814 1533 851 der
1550 813 1736 852 leichen-

102 895 406 942 verbrennung
432 893 546 931 lebte
568 892 692 939 jener
719 891 882 929 brauch
912 890 1106 928 insofern
1134 889 1239 938 sort,
1270 889 1335 927 als
1361 899 1464 927 man
1483 888 1549 927 die
1567 889 1737 928 leichen

100 972 144 1010 in
191 970 362 1009 kleinen
411 968 583 1007 kahnen
631 967 732 1006 oder
779 966 955 1004 ahnlich
999 965 1262 1013 gestalteten
1307 969 1464 1013 sargen
1506 965 1736 1014 beisetzte,

102 1046 204 1085 oder
243 1046 344 1084 dass
386 1055 509 1093 man,
554 1044 637 1082 wie
670 1044 713 1081 in
749 1042 1010 1090 Schweden,
1047 1042 1145 1080 dem
1180 1041 1379 1089 grabrnal
1414 1052 1492 1080 aus
1525 1042 1640 1081 stein
1673 1042 1740 1081 die

99 1123 263 1172 gestalt
294 1123 413 1160 eines
445 1120 623 1160 schiffes
656 1130 709 1158 zu
736 1119 874 1167 geben
899 1119 1070 1158 suchte.
1097 1118 1175 1157 Die
1202 1119 1373 1157 Russen
1404 1128 1457 1156 an
1485 1118 1561 1156 der
1586 1117 1742 1166 Wolga

100 1199 232 1238 ubten
263 1208 375 1246 ganz
408 1197 582 1236 ahnlich
615 1197 697 1235 wie
730 1196 798 1234 die
831 1195 1149 1234 Skandinavier
1181 1195 1249 1233 die
1275 1193 1744 1242 leichenverbrenning

102 1273 178 1313 auf
211 1274 354 1312 einem
381 1272 534 1312 schiffe
561 1282 652 1311 aus.
689 1272 778 1310 Nur
811 1271 997 1320 pflegten
1031 1270 1150 1309 diese
1183 1270 1261 1308 das
1295 1269 1434 1308 Schiff
1461 1269 1584 1308 nicht
1617 1270 1742 1308 abzu-

100 1352 289 1389 stossen.
334 1347 655 1387 Ausdriicklich
698 1347 807 1385 wird
850 1347 925 1385 der
967 1346 1123 1395 glaube
1157 1345 1533 1394 hervorgehoben,
1567 1345 1670 1384 dass
1699 1345 1741 1393 je

103 1426 320 1465 schneller
362 1426 436 1464 der
468 1423 751 1463 verstorbene
785 1433 833 1462 so
866 1423 1124 1471 verbrenne,
1159 1433 1204 1461 er
1236 1432 1311 1460 um
1345 1432 1393 1460 so
1426 1421 1644 1461 schnellcr
1674 1422 1743 1461 ins

104 1504 302 1552 paradies
329 1502 504 1551 gefiihrt
520 1501 710 1540 werde.”
730 1501 862 1539 Estne
879 1500 1014 1548 igitur
1033 1499 1235 1538 navicula
1254 1500 1296 1538 in
1317 1499 1495 1538 Locride
1515 1498 1745 1537 combusta

104 1579 355 1618 vehiculum
382 1589 464 1627 quo
492 1579 606 1617 Aiax
634 1577 676 1616 in
704 1577 903 1625 Elysium
930 1576 1263 1615 transferendus
1291 1577 1417 1614 erat?
1447 1575 1503 1613 At
1531 1575 1638 1613 talia
1656 1585 1740 1614 non

107 1656 376 1703 repetuntur,
411 1665 497 1693 non
530 1653 640 1692 fiunt
673 1651 858 1702 ἐτησίωςῐ

167 1729 620 1769 Animadvertendum
663 1731 705 1768 et
747 1729 850 1766 hoc:
895 1728 1065 1775 Opunte
1104 1727 1250 1765 Aiacis
1284 1728 1378 1765 erat
1411 1727 1739 1775 cenotaphium,

106 1806 310 1854 sepultum
348 1806 459 1854 apud
502 1805 733 1853 Myconum
767 1814 868 1842 eum
901 1802 1111 1842 ferebant.
1148 1803 1388 1851 Quotannis
1418 1803 1552 1850 igitur
1583 1813 1741 1841 navem

109 1883 147 1921 ei
188 1882 441 1931 mittebant,
486 1892 596 1929 quae
638 1880 732 1919 sive
775 1880 869 1928 ipsa
911 1879 955 1917 in
987 1881 1103 1917 terra
1137 1879 1473 1918 comburebatur
1517 1901 1566 1905 —
1613 1878 1742 1917 solito

107 1968 228 1997 more
259 1963 337 1995 τῶν
370 1955 630 2009 ἐναγιζόντων
667 1979 716 1983 -
753 1956 848 1994 sive
887 1956 1069 1994 incensa
1100 1955 1306 1993 fluctibus
1338 1955 1613 2002 tradebatur;
1647 1955 1744 1993 vela

108 2034 238 2072 huius
270 2034 396 2072 navis
429 2033 571 2072 colore
603 2034 683 2078 τοῖς
717 2030 953 2083 ἐναγίσμασι
985 2032 1155 2080 proprio
1187 2031 1213 2069 i.
1249 2041 1284 2070 e.
1312 2031 1437 2079 nigro
1465 2032 1591 2069 erant
1621 2031 1742 2069 tieta.

166 2108 338 2148 Dixeris
379 2109 502 2148 Aiaci
543 2108 667 2156 quasi
701 2107 920 2155 daemoni,
957 2106 1025 2145 cui
1057 2108 1105 2144 ut
1137 2106 1337 2154 Neptuno
1370 2108 1462 2144 tam
1497 2107 1742 2154 terrestria,

109 2194 241 2231 quam
273 2184 497 2223 maritima
529 2183 645 2222 cordi
678 2184 845 2231 essent,
880 2182 992 2221 dona
1025 2182 1174 2220 votiva
1206 2182 1439 2228 quotannis
1467 2182 1605 2221 missa
1632 2191 1743 2220 esse.

109 2259 280 2299 Scimus
313 2260 532 2299 Salamine
566 2261 609 2298 et
642 2259 845 2307 Athenis,
881 2258 953 2297 ubi
990 2257 1180 2295 Αἰάντεια
1213 2258 1466 2306 agebantur,
1502 2268 1588 2297 non
1619 2257 1744 2296 mini-

110 2345 229 2373 mam
272 2335 402 2374 huius
443 2334 734 2373 caerimoniae
768 2334 938 2382 partem
980 2333 1118 2372 fuisse
1151 2331 1319 2382 ἅμιλλαν
1354 2338 1453 2370 νεῶν
1487 2333 1745 2378 (Mommsen

111 2410 241 2450 Feste
282 2421 321 2459 p.
357 2411 442 2450 462
475 2413 607 2458 sqq.);
651 2409 868 2448 memoria
900 2418 1068 2457 quoque
1099 2410 1303 2447 tenemus
1336 2407 1524 2447 Graecos
1555 2418 1746 2456 pugnam

112 2487 400 2527 Salaminiam
457 2486 644 2524 inituros
702 2482 899 2531 εὔξασθαι
956 2490 1053 2521 πᾶσι
1099 2486 1181 2529 τοῖς
1229 2486 1360 2532 θεοῖς,
1412 2482 1585 2521 αὐτόθεν
1634 2480 1667 2521 ὸ’
1706 2482 1746 2521 ἐν.

110 2565 340 2612 Σαλαμῖνος
375 2560 530 2599 Αἴαντά
562 2574 601 2598 τε
633 2558 700 2598 καὶ
736 2562 950 2609 Τελαμῶνα
981 2557 1298 2597 ἐπικαλέσασθαι
1325 2559 1497 2604 (Herod.
1517 2558 1632 2606 VIII,
1661 2560 1745 2607 64),

109 2639 222 2687 quod
254 2661 305 2666 —
335 2637 617 2677 concedimus
648 2658 700 2664 -—
728 2636 914 2684 perbene
940 2635 1082 2674 facere
1109 2636 1331 2683 poterant,
1361 2635 1398 2672 si
1425 2635 1538 2672 inter
1565 2635 1744 2674 Aiacem

109 2715 394 2754 Telamonem
422 2715 465 2752 et
496 2723 618 2752 mare
650 2712 773 2751 nulla
799 2711 1003 2751 exstabat
1031 2711 1155 2750 ratio.
1186 2711 1413 2759 Quidvero‚
1444 2711 1481 2748 si
1507 2710 1747 2749 forteinter

109 2792 346 2837 utrumque
391 2789 568 2828 heroem
627 2789 669 2826 et
730 2797 851 2826 mare
902 2787 1005 2825 talis
1063 2787 1296 2833 aliquando
1345 2786 1568 2824 exstiterit
1615 2786 1743 2833 ratio,

111 2875 254 2904 nonne
286 2864 445 2903 melius
474 2863 683 2913 explicari
710 2863 881 2911 possint
909 2862 1216 2901 navicularum
1244 2861 1528 2909 sacrificium,
1563 2861 1743 2899 navium

113 2942 335 2980 certamen
391 2940 434 2977 in
491 2940 710 2991 Aianteis,
768 2939 950 2977 heroum
999 2939 1250 2986 praesentia
1297 2937 1443 2976 navali
1492 2938 1535 2974 in
1583 2945 1745 2985 pugna,

113 3015 359 3064 sepulcrum
401 3015 544 3053 medio
587 3015 630 3053 in
669 3016 861 3062 Aegan,
896 3013 1112 3052 auxilium
1147 3014 1228 3052 soli
1261 3014 1383 3051 Aiaci
1416 3023 1439 3050 a
1472 3012 1668 3059 Neptuno
1702 3011 1743 3048 in

192 3084 384 3112 Viissrntnr.
1624 3082 1640 3108 4
