2200 3487
478 322 557 358 142
1093 332 1146 359 DE
1177 333 1472 360 AMAZONlBUS.

466 443 647 490 quaevis
686 443 936 493 praebebat,
971 446 1065 483 erat
1096 445 1254 494 situm,
1289 446 1516 485 Strabonis
1548 448 1696 485 autem
1730 447 1873 485 aetate
1905 446 2092 485 contine-

468 519 541 557 bat
572 530 651 558 sex
684 519 806 558 milia
837 520 1077 569 ἱεροδούλων
1108 522 1323 568 utriusque
1354 533 1489 560 sexus.
1517 523 1722 561 Praeerat
1747 521 1948 560 sacerdos
1975 531 2094 560 sanc-

468 595 688 642 tissimus,
732 596 803 642 qui
846 596 912 634 bis
954 606 1121 643 quoque
1163 606 1291 645 anno,
1333 607 1432 635 cum
1473 597 1577 636 deae
1609 597 1896 636 simulacrum
1929 596 2097 644 ingenti

469 679 629 718 pompa
675 680 697 707 e
739 670 902 718 templo
945 670 1218 719 efferebatur,
1263 672 1464 710 diadema
1505 672 1706 719 gestabat
1736 670 1801 709 καὶ
1833 665 1883 721 ἦν
1916 671 2097 721 δεύτερος

468 744 566 782 κατὰ
612 744 729 794 τιμὴν
777 744 870 794 μετὰ
918 745 984 783 τὸν
1027 744 1201 796 βασιλέα.
1244 746 1439 793 Cumque
1482 746 1676 785 Comana
1707 749 1854 785 essent
1886 745 2096 796 ἕμπορεῖυιν

470 822 548 865 τοῖς
592 818 670 858 ἀπὸ
711 826 779 870 τῆς
822 820 1022 869 Ἀρμενίας
1056 819 1279 871 ἀξιόλογον,
1314 821 1442 859 festis
1474 821 1561 859 illis
1594 821 1746 860 diebus
1778 822 1967 868 undique
1998 822 2099 859 illuc

469 895 744 933 confluebant
799 895 1009 934 mortales
1066 898 1113 934 ut
1169 898 1272 934 vota
1318 897 1543 935 solverent
1590 898 1902 945 voverentque,
1951 896 2096 944 plures

468 971 603 1009 etiam
636 972 684 1009 ut
716 972 925 1019 temporis
957 971 1117 1018 aliquid
1149 971 1261 1010 laete
1292 974 1568 1021 peragerent,
1596 982 1828 1010 numerum
1857 972 2098 1010 incolarum

466 1046 689 1084 luxuriose
722 1047 967 1084 viventium
997 1047 1195 1094 impense
1223 1049 1448 1095 augentes.
1477 1048 1540 1085 lbi
1562 1049 1667 1086 tunc
1683 1058 1735 1086 ea
1750 1047 1900 1086 omnia
1917 1046 2094 1096 fiebant,

468 1132 577 1168 quae
625 1132 723 1159 cum
772 1121 1049 1160 orientalium
1099 1122 1288 1161 cultibus
1331 1123 1555 1161 ecstaticis
1598 1145 1650 1149 —
1692 1121 1936 1173 θεοφόρητοι
1979 1122 2095 1161 enim

468 1198 774 1244 nuncupantur
816 1197 921 1235 deae
963 1197 1005 1234 in
1047 1197 1272 1246 publicum
1315 1198 1569 1246 prodeuntis
1611 1198 1845 1247 stipatores
1889 1221 1941 1225 —
1980 1200 2100 1236 arcte

468 1272 699 1310 coniuncta
754 1281 850 1310 esse
900 1272 1064 1310 scimus
1112 1283 1285 1321 omnes,
1336 1274 1430 1312 sive
1478 1274 1681 1320 antiquos
1728 1274 1821 1312 sive
1867 1274 2099 1312 hodiernos

467 1349 733 1395 spectamus,
764 1348 1011 1386 Accedebat
1038 1350 1185 1387 autern
1214 1351 1261 1387 ut
1289 1349 1494 1397 oppidum
1524 1349 1691 1397 ingenti
1719 1350 1840 1397 copia
1861 1349 2098 1387 mulierum

465 1433 640 1470 corpore
682 1425 914 1469 quaestum
956 1424 1212 1462 facientium
1256 1425 1536 1474 redundaret,
1576 1427 1776 1472 essetque
1809 1425 1965 1463 harum
1999 1435 2101 1473 pars

466 1498 605 1536 maior
636 1509 691 1536 ex
721 1499 828 1546 ipsis
861 1498 1097 1537 hierodulis
1131 1499 1376 1547 conscripta
1400 1497 1440 1544 1).

527 1573 632 1621 Quid
674 1574 773 1612 hinc
816 1575 1057 1613 discimus?
1099 1575 1317 1623 Primum,
1362 1585 1446 1614 non
1481 1575 1600 1614 solas
1634 1575 1839 1613 mulieres
1871 1576 1945 1613 sed
1979 1575 2097 1613 viros

465 1649 589 1687 iuxta
620 1649 807 1688 feminas
839 1650 990 1698 templi
1024 1650 1277 1688 muneribus
1310 1660 1407 1689 esse
1438 1650 1633 1698 sunctos3
1668 1651 1820 1689 deinde
1851 1649 2097 1689 hierodulas

465 1724 581 1773 illas,
630 1727 678 1763 ut
724 1725 767 1763 in
815 1725 991 1774 regione
1039 1725 1279 1775 uberrima,
1324 1736 1409 1764 non
1452 1736 1579 1765 secus
1622 1737 1670 1764 ac
1714 1726 1830 1764 viros
1863 1735 1888 1763 a
1918 1727 2097 1764 strenuo

465 1800 613 1839 labore
645 1801 780 1840 fuisse
812 1812 942 1848 quam
977 1802 1174 1840 maxime
1207 1801 1396 1849 alienas;
1431 1802 1615 1849 denique
1648 1801 1800 1849 templi
1832 1801 1970 1849 ipsius
1997 1800 2098 1848 legi-

467 1875 546 1913 bus
579 1875 813 1914 obstrictas
846 1887 920 1915 eas
951 1877 1136 1915 minime
1165 1887 1188 1915 a
1216 1877 1409 1915 virorum
1437 1877 1702 1915 commercio
1729 1876 1996 1914 abstinuisse
2023 1876 2100 1914 sed

467 1951 635 1999 copiam
669 1951 737 1989 sui
769 1952 960 2000 corporis
993 1952 1169 1990 cuilibet
1200 1952 1372 2002 fecisse,
1408 1953 1514 1991 deae
1546 1953 1613 1991 cui
1644 1952 1895 1990 serviebant
1925 1954 2096 1999 gratum

466 2025 506 2063 id
539 2028 853 2074 acceptumque
887 2029 1019 2065 ratas.

525 2100 811 2140 Conferamus
844 2112 957 2141 nunc
989 2103 1108 2141 hisce
1141 2113 1237 2141 cum
1273 2102 1531 2141 mulieribus
1563 2104 1828 2152 Amazones,
1863 2103 2013 2150 quales
2045 2113 2099 2141 ex

467 2176 693 2225 Hippolyti
734 2177 880 2216 fabula
911 2178 1019 2216 nulli
1049 2189 1135 2217 non
1166 2179 1464 2217 innotuerunt.
1499 2178 1613 2226 Quae
1648 2179 1816 2217 virilem
1849 2179 2099 2216 contactum

466 2254 678 2300 spernunt
719 2263 798 2291 nec
839 2254 924 2291 nisi
967 2254 1108 2292 victae
1149 2254 1410 2301 vinctaeque
1445 2264 1642 2292 amorem
1674 2254 1924 2302 patiuntur;
1959 2254 2102 2292 vitant

465 2327 604 2365 vitam
638 2338 748 2374 quae
780 2328 897 2366 intra
923 2328 1098 2367 urbium
1125 2329 1300 2367 moenia
1327 2331 1372 2367 et
1397 2329 1587 2377 parietes
1613 2329 1804 2368 molliter
1832 2333 1874 2367 et
1899 2329 2101 2377 languide

467 2402 657 2449 degitur;
707 2403 869 2442 habent
918 2404 962 2442 in
1003 2404 1170 2443 deliciis
1212 2405 1352 2443 vitam
1395 2405 1517 2443 illam
1558 2405 1739 2443 liberam
1774 2406 1904 2452 atque
1934 2404 2098 2442 laetam

468 2487 552 2525 qua
607 2477 811 2517 fruuntur
859 2489 963 2517 aves
1011 2480 1054 2518 in
1101 2480 1243 2528 silvis,
1294 2480 1537 2518 virentibus
1584 2480 1627 2518 in
1676 2480 1844 2528 campis
1890 2479 2100 2518 hinnulei.

466 2552 690 2600 Vagantur
718 2554 989 2600 Amazones3
1017 2555 1167 2594 sedem
1195 2557 1375 2594 servant
1400 2555 1675 2603 hierodulae;
1698 2556 1802 2593 sunt
1817 2555 1916 2594 illae
1934 2556 2099 2603 castae,

468 2629 688 2676 strenuae,
727 2628 880 2678 fortes,
915 2630 996 2668 hae
1029 2632 1177 2669 autem
1210 2630 1384 2679 molles,
1419 2631 1513 2669 sine
1547 2630 1714 2682 nervis,
1747 2631 1959 2678 impurae.
1994 2629 2101 2677 Quid

467 2703 599 2751 igitur
640 2704 806 2743 Amazo
849 2715 957 2752 equo
1001 2707 1142 2754 vecta,
1187 2705 1350 2745 Dianae
1390 2706 1508 2744 socia
1548 2705 1825 2754 dignissima,
1868 2714 2101 2743 commune

468 2778 599 2816 habet
632 2789 731 2817 cum
765 2779 945 2818 hetaera
975 2780 1211 2819 orientali?

516 2962 539 3005 l)
564 2966 686 2996 Strabo
707 2975 739 3004 p.
762 2967 844 2996 557:
868 2970 1011 3004 „ulfi-⁹0:
1033 2973 1185 3004 γυναικῶν
1206 2973 1263 2997 τῶν
1288 2968 1496 3008 ἐργαζομένων
1519 2968 1582 2996 ἀπὸ
1609 2972 1661 2996 τοῦ
1687 2970 1838 3004 σώματος,
1862 2966 1902 2996 ὧν
1926 2971 1957 2997 αἱ
1981 2971 2104 2999 πλείους

469 3027 545 3055 εἰσὶν
570 3027 679 3066 ἰεραί.”
